% -----------------------------
%	Standard Model 
% -----------------------------

@article{Glashow:1961tr,
      author         		= "Glashow, S. L.",
      title          		= "{Partial Symmetries of Weak Interactions}",
      journal        		= "Nucl. Phys.",
      volume         	= "22",
      year           		= "1961",
      pages          	= "579-588",
      doi            		= "10.1016/0029-5582(61)90469-2",
      SLACcitation   	= "%%CITATION = NUPHA,22,579;%%"
}

@article{Weinberg:1967tq,
      author         		= "Weinberg, Steven",
      title          		= "{A Model of Leptons}",
      journal        		= "Phys. Rev. Lett.",
      volume         	= "19",
      year           		= "1967",
      pages          	= "1264-1266",
      doi            		= "10.1103/PhysRevLett.19.1264",
      SLACcitation   	= "%%CITATION = PRLTA,19,1264;%%"
}

@article{Salam:1968rm,
      author         		= "Salam, Abdus",
      title          		= "{Weak and Electromagnetic Interactions}",
      journal        		= "{Proceedings of the 8th Nobel symposium, Ed. N.~Svartholm, Almqvist \& Wiskell, 1968,}",
      volume         	= "{\rm Conf. Proc.} C680519",
      year           		= "1968",
      pages          	= "367-377",
      url    			= "{http://inspirehep.net/record/53083}",
      SLACcitation   	= "%%CITATION = CONFP,C680519,367;%%"
}
      %author         		= "'t Hooft, Gerard and Veltman, M. J. G.",

@article{'tHooft:1972fi,
      author         		= "'t Hooft, Gerard and Veltman, M. J. G.",
      title          		= "{Regularization and Renormalization of Gauge Fields}",
      journal        		= "Nucl. Phys.",
      volume         	= "B44",
      year           		= "1972",
      pages          	= "189-213",
      doi            		= "10.1016/0550-3213(72)90279-9",
      SLACcitation   	= "%%CITATION = NUPHA,B44,189;%%"
}

% -----------------------------
%	Higgs Mechanism 
% -----------------------------

@article{Englert:1964et,
      	author         	= "Englert, F. and Brout, R.",
      	title          		= "{Broken Symmetry and the Mass of Gauge Vector Mesons}",
      	journal        	= "Phys. Rev. Lett.",
      	volume         	= "13",
      	pages          	= "321-323",
      	doi            		= "10.1103/PhysRevLett.13.321",
      	year           	= "1964",
      	SLACcitation	= "%%CITATION = PRLTA,13,321;%%",
}

@article{Higgs:1964ia,
      	author         	= "Higgs, Peter W.",
      	title          		= "{Broken symmetries, massless particles and gauge fields}",
      	journal        	= "Phys. Lett.",
      	volume         	= "12",
      	pages          	= "132-133",
      	doi            		= "10.1016/0031-9163(64)91136-9",
      	year           	= "1964",
      	SLACcitation	= "%%CITATION = PHLTA,12,132;%%",
}

@article{Higgs:1964pj,
      	author         	= "Higgs, Peter W.",
      	title          		= "{Broken Symmetries and the Masses of Gauge Bosons}",
      	journal        	= "Phys. Rev. Lett.",
      	volume         	= "13",
      	pages          	= "508-509",
      	doi            		= "10.1103/PhysRevLett.13.508",
      	year           	= "1964",
      	SLACcitation 	= "%%CITATION = PRLTA,13,508;%%",
}

@article{Guralnik:1964eu,
      	author         	= "Guralnik, G. S. and Hagen, C. R. and Kibble, T. W. B.",
      	title           = "{Global Conservation Laws and Massless Particles}",
      	journal        	= "Phys. Rev. Lett.",
      	volume         	= "13",
      	pages          	= "585-587",
      	doi            		= "10.1103/PhysRevLett.13.585",
      	year           	= "1964",
      	SLACcitation	= "%%CITATION = PRLTA,13,585;%%",
}

@article{Higgs:1966ev,
      	author         	= "Higgs, Peter W.",
      	title          		= "{Spontaneous symmetry breakdown without massless bosons}",
      	journal        	= "Phys. Rev.",
      	volume         	= "145",
      	pages          	= "1156-1163",
      	doi            		= "10.1103/PhysRev.145.1156",
      	year           	= "1966",
      	SLACcitation 	= "%%CITATION = PHRVA,145,1156;%%",
}

@article{Kibble:1967sv,
      	author         	= "Kibble, T.W.B.",
      	title          		= "{Symmetry breaking in non-Abelian gauge theories}",
      	journal        	= "Phys. Rev.",
      	volume         	= "155",
      	pages          	= "1554-1561",
      	doi            		= "10.1103/PhysRev.155.1554",
      	year           	= "1967",
      	SLACcitation 	= "%%CITATION = PHRVA,155,1554;%%",
}

% --- Yukawa Interaction

% cite [Weinberg:1967tq] for leptons

@article{Nambu:1961tp,
      author         		= "Nambu, Yoichiro and Jona-Lasinio, G.",
      title          		= "{Dynamical Model of Elementary Particles Based on an Analogy with Superconductivity. I}",
      journal        		= "Phys. Rev.",
      volume         	= "122",
      year           		= "1961",
      pages          	= "345-358",
      doi            		= "10.1103/PhysRev.122.345",
      SLACcitation   	= "%%CITATION = PHRVA,122,345;%%"
}

@article{Nambu:1961fr,
      author         		= "Nambu, Yoichiro and Jona-Lasinio, G.",
      title          		= "{Dynamical Model of Elementary Particles Based on an Analogy with Superconductivity. II}",
      journal        		= "Phys. Rev.",
      volume         	= "124",
      year           		= "1961",
      pages          	= "246-254",
      doi            		= "10.1103/PhysRev.124.246",
      SLACcitation   	= "%%CITATION = PHRVA,124,246;%%"
}

% -----------------------------------
%	Higgs Phenomenology 
% -----------------------------------

@article{Ellis:1975ap,
      author         		= "Ellis, John R. and Gaillard, Mary K. and Nanopoulos, Dimitri V.",
      title          		= "{A Phenomenological Profile of the Higgs Boson}",
      journal        		= "Nucl. Phys.",
      volume         	= "B106",
      year           		= "1976",
      pages          	= "292",
      doi            		= "10.1016/0550-3213(76)90382-5",
      reportNumber   	= "CERN-TH-2093",
      SLACcitation   	= "%%CITATION = NUPHA,B106,292;%%"
}


% -------------------------------------------------------------------------
% 	Report by LHC Higgs Cross Section Working Group
% -------------------------------------------------------------------------

% CERN Report 1

@article{Dittmaier:2011ti,
      author         		= "{LHC Higgs Cross Section Working Group} and Dittmaier, S. and Mariotti, C. and Passarino, G. and Tanaka (Eds.), R.",
      title         		= "{Handbook of LHC Higgs Cross Sections: 1. Inclusive Observables}",
      journal   		= "CERN-2011-002",
      year         		= "2011",
      eprint         		= "1101.0593",
      archivePrefix	= "arXiv",
      primaryClass	= "hep-ph",
      doi            	= "10.5170/CERN-2011-002",
      SLACcitation   	= "%%CITATION = ARXIV:1101.0593;%%",
}

% CERN Report 2

@article{Dittmaier:2012vm,
      author         		= "{LHC Higgs Cross Section Working Group} and Dittmaier, S. and Mariotti, C. and Passarino, G. and Tanaka (Eds.), R.",
      title         		= "{Handbook of LHC Higgs Cross Sections: 2. Differential Distributions}",
      journal    		= "CERN-2012-002",
      year         		= "2012",
      eprint         		= "1201.3084",
      archivePrefix	= "arXiv",
      primaryClass	= "hep-ph",
      doi            		= "10.5170/CERN-2012-002",
      SLACcitation	= "%%CITATION = ARXIV:1201.3084;%%",
}

% CERN Report 3

@article{Heinemeyer:2013tqa,
      author         		= "{LHC Higgs Cross Section Working Group}", 
      title         		= "{Handbook of LHC Higgs Cross Sections: 3. Higgs Properties}",
      journal    		= "CERN-2013-004",      
      year         		= "2013",
      eprint         		= "1307.1347",
      archivePrefix	= "arXiv",
      primaryClass	= "hep-ph",
      doi            		= "10.5170/CERN-2013-004",      
      SLACcitation	= "%%CITATION = ARXIV:1307.1347;%%",
}


% -----------
%	ggF		
% -----------

% LO

@article{Georgi:1977gs,
      	author         	= "Georgi, H.M. and Glashow, S.L. and Machacek, M.E. and Nanopoulos, Dimitri V.",
      	title          		= "{Higgs bosons from two gluon annihilation in proton proton collisions}",
      	journal        	= "Phys. Rev. Lett.",
      	volume         	= "40",
      	pages          	= "692-694",
      	doi            		= "10.1103/PhysRevLett.40.692",
      	year           	= "1978",
      	reportNumber 	= "HUTP-77/A084",
      	SLACcitation	= "%%CITATION = PRLTA,40,692;%%",
}

% NLO QCD

@article{Djouadi:1991tka,
      	author         	= "Djouadi, A. and Spira, M. and Zerwas, P.M.",
      	title          		= "{Production of Higgs bosons in proton colliders: QCD corrections}",
      	journal        	= "Phys. Lett.",
      	volume         	= "B264",
      	pages          	= "440-446",
      	doi            		= "10.1016/0370-2693(91)90375-Z",
      	year           	= "1991",
      	reportNumber 	= "PITHA-91-6",
      	SLACcitation	= "%%CITATION = PHLTA,B264,440;%%",
}

@article{Dawson:1990zj,
      	author         	= "Dawson, S.",
      	title          		= "{Radiative corrections to Higgs boson production}",
      	journal        	= "Nucl. Phys.",
      	volume         	= "B359",
      	pages          	= "283-300",
      	doi            		= "10.1016/0550-3213(91)90061-2",
      	year           	= "1991",
      	reportNumber 	= "PRINT-91-0092 (BNL), BNL-45446",
      	SLACcitation 	= "%%CITATION = NUPHA,B359,283;%%",
}

@article{Spira:1995rr,
      	author         	= "Spira, M. and Djouadi, A. and Graudenz, D. and Zerwas, P.M.",
      	title          		= "{Higgs boson production at the LHC}",
      	journal        	= "Nucl. Phys.",
      	volume         	= "B453",
      	pages          	= "17-82",
      	doi            		= "10.1016/0550-3213(95)00379-7",
      	year           	= "1995",
      	eprint         	= "hep-ph/9504378",
      	archivePrefix	= "arXiv",
      	reportNumber 	= "DESY-94-123, UDEM-GPP-TH-95-16, CERN-TH-95-30, CERN-TH-95-030, DESY-94--123, GPP--UDEM--TH--95--16-AND-CERN--TH-95--30",
      	SLACcitation   	= "%%CITATION = HEP-PH/9504378;%%",
}

% NNLO QCD

@article{Harlander:2002wh,
      	author         	= "Harlander, Robert V. and Kilgore, William B.",
      	title          		= "{Next-to-next-to-leading order Higgs production at hadron colliders}",
      	journal        	= "Phys. Rev. Lett.",
      	volume         	= "88",
      	pages          	= "201801",
      	doi            		= "10.1103/PhysRevLett.88.201801",
      	year           	= "2002",
      	eprint         	= "hep-ph/0201206",
      	archivePrefix	= "arXiv",
      	primaryClass	= "hep-ph",
      	reportNumber 	= "BNL-HET-02-3, CERN-TH-2002-006",
      	SLACcitation	= "%%CITATION = HEP-PH/0201206;%%",
}

@article{Anastasiou:2002yz,
      	author         	= "Anastasiou, Charalampos and Melnikov, Kirill",
      	title          		= "{Higgs boson production at hadron colliders in NNLO QCD}",
      	journal        	= "Nucl. Phys.",
      	volume         	= "B646",
      	pages          	= "220-256",
      	doi            		= "10.1016/S0550-3213(02)00837-4",
      	year           	= "2002",
      	eprint         	= "hep-ph/0207004",
      	archivePrefix	= "arXiv",
      	primaryClass	= "hep-ph",
      	reportNumber 	= "SLAC-PUB-9273",
      	SLACcitation	= "%%CITATION = HEP-PH/0207004;%%",
}

@article{Ravindran:2003um,
      	author         	= "Ravindran, V. and Smith, J. and van Neerven, W. L.",
      	title          		= "{NNLO corrections to the total cross-section for Higgs boson production in hadron hadron collisions}",
      	journal        	= "Nucl. Phys.",
      	volume         	= "B665",
      	pages          	= "325-366",
      	doi            		= "10.1016/S0550-3213(03)00457-7",
      	year           	= "2003",
      	eprint         	= "hep-ph/0302135",
      	archivePrefix	= "arXiv",
      	primaryClass	= "hep-ph",
      	reportNumber 	= "YITP-SB-03-02, INLO-PUB-01-03",
      	SLACcitation	= "%%CITATION = HEP-PH/0302135;%%",
}

% N3LO QCD

@article{Anastasiou:2014vaa,
      author         		= "Anastasiou, Charalampos and Duhr, Claude and Dulat, Falko
                        		and Furlan, Elisabetta and Gehrmann, Thomas and Herzog,
                        		Franz and Mistlberger, Bernhard",
      title          		= "{Higgs boson gluon-fusion production at threshold in N$^3$LO QCD}",
      journal        		= "Phys. Lett.",
      volume       		= "B737",
      year           		= "2014",
      pages          	= "325-328",
      doi            		= "10.1016/j.physletb.2014.08.067",
      eprint         		= "1403.4616",
      archivePrefix  	= "arXiv",
      primaryClass   	= "hep-ph",
      reportNumber   = "IPPP-14-17, DCPT-14-34, ZU-TH-07-14, CERN-PH-TH-2014-042,
                        FERMILAB-PUB-14-052-T, --FERMILAB-PUB-14-052-T",
      SLACcitation   	= "%%CITATION = ARXIV:1403.4616;%%"
}

@article{Anastasiou:2014lda,
      author         		= "Anastasiou, Charalampos and Duhr, Claude and Dulat, Falko
                        		and Furlan, Elisabetta and Gehrmann, Thomas and Herzog,
                        		Franz and Mistlberger, Bernhard",
      title          		= "{Higgs boson gluon-fusion production beyond threshold in N$^{3}$LO QCD}",
      journal        		= "JHEP",
      volume         	= "03",
      year           		= "2015",
      pages          	= "091",
      doi            		= "10.1007/JHEP03(2015)091",
      eprint         		= "1411.3584",
      archivePrefix  	= "arXiv",
      primaryClass   	= "hep-ph",
      reportNumber   	= "FERMILAB-PUB-14-461-T",
      SLACcitation   	= "%%CITATION = ARXIV:1411.3584;%%"
}

% Main N3LO reference

@article{Anastasiou:2015ema,
      author         		= "Anastasiou, Charalampos and Duhr, Claude and Dulat, Falko
                        		and Herzog, Franz and Mistlberger, Bernhard",
      title          		= "{Higgs Boson Gluon-Fusion Production in QCD at Three Loops}",
      journal        		= "Phys. Rev. Lett.",
      volume         	= "114",
      year           		= "2015",
      pages          	= "212001",
      doi            		= "10.1103/PhysRevLett.114.212001",
      eprint         		= "1503.06056",
      archivePrefix  	= "arXiv",
      primaryClass   	= "hep-ph",
      reportNumber   	= "CERN-PH-TH-2015-055, CP3-15-07",
      SLACcitation   	= "%%CITATION = ARXIV:1503.06056;%%"
}

@article{Anastasiou:2016cez,
      author         		= "Anastasiou, Charalampos and Duhr, Claude and Dulat, Falko
                        		and Furlan, Elisabetta and Gehrmann, Thomas and Herzog,
                        		Franz and Lazopoulos, Achilleas and Mistlberger, Bernhard",
      title          		= "{High precision determination of the gluon fusion Higgs boson cross-section at the LHC}",
      journal        		= "JHEP",
      volume         	= "05",
      year           		= "2016",
      pages          	= "058",
      doi            		= "10.1007/JHEP05(2016)058",
      eprint         		= "1602.00695",
      archivePrefix  	= "arXiv",
      primaryClass   	= "hep-ph",
      reportNumber   	= "CP3-16-01, ZU-TH-27-15, NIKHEF-2016-004, CERN-TH-2016-006",
      SLACcitation   	= "%%CITATION = ARXIV:1602.00695;%%"
}

% Soft+virtual correction at N3LO

@article{Li:2014afw,
      author         		= "Li, Ye and von Manteuffel, Andreas and Schabinger, Robert M. and Zhu, Hua Xing",
      title          		= "{Soft-virtual corrections to Higgs production at N$^3$LO}",
      journal        		= "Phys. Rev. D",
      volume         	= "91",
      year           		= "2015",
      pages          	= "036008",
      doi            		= "10.1103/PhysRevD.91.036008",
      eprint         		= "1412.2771",
      archivePrefix  	= "arXiv",
      primaryClass   	= "hep-ph",
      reportNumber   	= "SLAC-PUB-16169, MITP-14-095",
      SLACcitation   	= "%%CITATION = ARXIV:1412.2771;%%"
}

% NNLO 1/mt terms , finite top-mass effect

@article{Marzani:2008az,
      author         		= "Marzani, Simone and Ball, Richard D. and Del Duca, Vittorio and Forte, Stefano and Vicini, Alessandro",
      title          		= "{Higgs production via gluon-gluon fusion with finite top mass beyond next-to-leading order}",
      journal        		= "Nucl. Phys.",
      volume         	= "B800",
      year           		= "2008",
      pages          	= "127-145",
      doi            		= "10.1016/j.nuclphysb.2008.03.016",
      eprint         		= "0801.2544",
      archivePrefix  	= "arXiv",
      primaryClass   	= "hep-ph",
      reportNumber   	= "IFUM-911-FT, EDINBURGH-2008-1, CERN-PH-TH-2008-009",
      SLACcitation   	= "%%CITATION = ARXIV:0801.2544;%%"
}

@article{Harlander:2009mq,
      author         		= "Harlander, Robert V. and Ozeren, Kemal J.",
      title          		= "{Finite top mass effects for hadronic Higgs production at next-to-next-to-leading order}",
      journal        		= "JHEP",
      volume         	= "11",
      year           		= "2009",
      pages          	= "088",
      doi            		= "10.1088/1126-6708/2009/11/088",
      eprint         		= "0909.3420",
      archivePrefix  	= "arXiv",
      primaryClass   	= "hep-ph",
      reportNumber   	= "WUB-09-10",
      SLACcitation   	= "%%CITATION = ARXIV:0909.3420;%%"
}

@article{Harlander:2009my,
      author         		= "Harlander, Robert V. and Mantler, Hendrik and Marzani, Simone and Ozeren, Kemal J.",
      title          		= "{Higgs production in gluon fusion at next-to-next-to-leading order QCD for finite top mass}",
      journal        		= "Eur. Phys. J.",
      volume         	= "C66",
      year           		= "2010",
      pages          	= "359-372",
      doi            		= "10.1140/epjc/s10052-010-1258-x",
      eprint         		= "0912.2104",
      archivePrefix  	= "arXiv",
      primaryClass   	= "hep-ph",
      reportNumber   	= "WUB-09-18, MAN-HEP-2009-44",
      SLACcitation   	= "%%CITATION = ARXIV:0912.2104;%%"
}

@article{Pak:2009dg,
      author         		= "Pak, Alexey and Rogal, Mikhail and Steinhauser, Matthias",
      title          		= "{Finite top quark mass effects in NNLO Higgs boson production at LHC}",
      journal        		= "JHEP",
      volume         	= "02",
      year           		= "2010",
      pages          	= "025",
      doi            		= "10.1007/JHEP02(2010)025",
      eprint         		= "0911.4662",
      archivePrefix  	= "arXiv",
      primaryClass   	= "hep-ph",
      reportNumber   	= "SFB-CPP-09-116, TTP09-43",
      SLACcitation   	= "%%CITATION = ARXIV:0911.4662;%%"
}

@article{Harlander:2012hf,
      author         		= "Harlander, Robert V. and Neumann, Tobias and Ozeren, Kemal J. and Wiesemann, Marius",
      title          		= "{Top-mass effects in differential Higgs production through gluon fusion at order $\alpha_s^4$}",
      journal        		= "JHEP",
      volume         	= "08",
      year           		= "2012",
      pages          	= "139",
      doi            		= "10.1007/JHEP08(2012)139",
      eprint         		= "1206.0157",
      archivePrefix  	= "arXiv",
      primaryClass   	= "hep-ph",
      reportNumber   	= "CERN-PH-TH-2012-146, LPN12-053, UCLA-12-TEP-101, WUB-12-13",
      SLACcitation   	= "%%CITATION = ARXIV:1206.0157;%%"
}

% Soft-gluon resummation

@article{Catani:2003zt,
      	author         	= "Catani, Stefano and de Florian, Daniel and Grazzini, Massimiliano and Nason, Paolo",
      	title          		= "{Soft gluon resummation for Higgs boson production at hadron colliders}",
      	journal        	= "JHEP",
      	volume         	= "07",
      	pages          	= "028",
      	year           	= "2003",
      	eprint         	= "hep-ph/0306211",
      	archivePrefix	= "arXiv",
      	primaryClass 	= "hep-ph",
      	reportNumber 	= "BICOCCA-FT-03-12, CERN-TH-2003-117",
      	SLACcitation	= "%%CITATION = HEP-PH/0306211;%%",
}

@article{Moch:2005ky,
      author         		= "Moch, S. and Vogt, A.",
      title          		= "{Higher-order soft corrections to lepton pair and Higgs boson production}",
      journal        		= "Phys. Lett.",
      volume         	= "B631",
      year           		= "2005",
      pages          	= "48-57",
      doi            		= "10.1016/j.physletb.2005.09.061",
      eprint         		= "hep-ph/0508265",
      archivePrefix  	= "arXiv",
      primaryClass   	= "hep-ph",
      reportNumber   	= "DESY-05-152, SFB-CPP-05-46, DCPT-05-110, IPPP-05-55",
      SLACcitation   	= "%%CITATION = HEP-PH/0508265;%%"
}

@article{Ravindran:2005vv,
      author         		= "Ravindran, V.",
      title          		= "{On Sudakov and soft resummations in QCD}",
      journal        		= "Nucl. Phys. B",
      volume         	= "746",
      year           		= "2006",
      pages          	= "58-76",
      doi            		= "10.1016/j.nuclphysb.2006.04.008",
      eprint         		= "hep-ph/0512249",
      archivePrefix  	= "arXiv",
      primaryClass   	= "hep-ph",
      reportNumber  	= "HRI-12-2005",
      SLACcitation   	= "%%CITATION = HEP-PH/0512249;%%"
}

@article{Ravindran:2006cg,
      author         		= "Ravindran, V.",
      title          		= "{Higher-order threshold effects to inclusive processes in QCD}",
      journal        		= "Nucl. Phys.",
      volume         	= "B752",
      year           		= "2006",
      pages          	= "173-196",
      doi            		= "10.1016/j.nuclphysb.2006.06.025",
      eprint         		= "hep-ph/0603041",
      archivePrefix  	= "arXiv",
      primaryClass   	= "hep-ph",
      reportNumber   	= "HRI-03-2006",
      SLACcitation   	= "%%CITATION = HEP-PH/0603041;%%"
}

@article{Idilbi:2005ni,
      author         		= "Idilbi, Ahmad and Ji, Xiang-dong and Ma, Jian-Ping and Yuan, Feng",
      title          		= "{Threshold resummation for Higgs production in effective field theory}",
      journal        		= "Phys. Rev.",
      volume         	= "D73",
      year           		= "2006",
      pages          	= "077501",
      doi            		= "10.1103/PhysRevD.73.077501",
      eprint         		= "hep-ph/0509294",
      archivePrefix  	= "arXiv",
      primaryClass   	= "hep-ph",
      SLACcitation   	= "%%CITATION = HEP-PH/0509294;%%"
}

@article{Ahrens:2008nc,
      author 		= "Ahrens, Valentin and Becher, Thomas and Neubert, Matthias and Yang, Li Lin",
      title          		= "{Renormalization-Group Improved Prediction for Higgs Production at Hadron Colliders}",
      journal        		= "Eur. Phys. J.",
      volume         	= "C62",
      year           		= "2009",
      pages          	= "333-353",
      doi            		= "10.1140/epjc/s10052-009-1030-2",
      eprint         		= "0809.4283",
      archivePrefix  	= "arXiv",
      primaryClass   	= "hep-ph",
      reportNumber   	= "FERMILAB-PUB-08-403-T, MZ-TH-08-27, ZU-TH-15-08",
      SLACcitation   	= "%%CITATION = ARXIV:0809.4283;%%"
}

@article{Catani:2014uta,
      author         		= "Catani, Stefano and Cieri, Leandro and de Florian, Daniel and Ferrera, Giancarlo and Grazzini, Massimiliano",
      title          		= "{Threshold resummation at N$^3$LL accuracy and soft-virtual cross sections at N$^3$LO}",
      journal        		= "Nucl. Phys.",
      volume         	= "B888",
      year           		= "2014",
      pages          	= "75-91",
      doi            		= "10.1016/j.nuclphysb.2014.09.012",
      eprint         		= "1405.4827",
      archivePrefix  	= "arXiv",
      primaryClass   	= "hep-ph",
      reportNumber   	= "ZU-TH-20-14",
      SLACcitation   	= "%%CITATION = ARXIV:1405.4827;%%"
}

@article{Bonvini:2014tea,
      author         		= "Bonvini, Marco and Rottoli, Luca",
      title          		= "{Three loop soft function for N$^3$LL$^\prime$ gluon fusion Higgs production in soft-collinear effective theory}",
      journal        		= "Phys. Rev.",
      volume         	= "D91",
      year           		= "2015",
      pages          	= "051301",
      doi            		= "10.1103/PhysRevD.91.051301",
      eprint         		= "1412.3791",
      archivePrefix  	= "arXiv",
      primaryClass   	= "hep-ph",
      reportNumber   	= "OUTP-14-19P",
      SLACcitation   	= "%%CITATION = ARXIV:1412.3791;%%"
}

@article{Bonvini:2014joa,
      author         		= "Bonvini, Marco and Marzani, Simone",
      title          		= "{Resummed Higgs cross section at N$^{3}$LL}",
      journal        		= "JHEP",
      volume         	= "09",
      year           		= "2014",
      pages          	= "007",
      doi            		= "10.1007/JHEP09(2014)007",
      eprint         		= "1405.3654",
      archivePrefix  	= "arXiv",
      primaryClass   	= "hep-ph",
      reportNumber   	= "DESY-14-075, DCPT-14-94, IPPP-14-47",
      SLACcitation   	= "%%CITATION = ARXIV:1405.3654;%%"
}

@article{Schmidt:2015cea,
      author         		= "Schmidt, Timo and Spira, Michael",
      title          		= "{Higgs Boson Production via Gluon Fusion: Soft-Gluon Resummation including Mass Effects}",
      journal        		= "Phys. Rev.",
      volume         	= "D93",
      year           		= "2016",
      pages          	= "014022",
      doi            		= "10.1103/PhysRevD.93.014022",
      eprint         		= "1509.00195",
      archivePrefix  	= "arXiv",
      primaryClass   	= "hep-ph",
      reportNumber   	= "PSI-PR-15-08",
      SLACcitation   	= "%%CITATION = ARXIV:1509.00195;%%"
}

% NLO EW

@article{Aglietti:2004nj,
      	author         	= "Aglietti, U. and Bonciani, R. and Degrassi, G. and Vicini, A.",
      	title          		= "{Two loop light fermion contribution to Higgs production and decays}",
      	journal        	= "Phys. Lett.",
      	volume         	= "B595",
      	pages          	= "432-441",
      	doi            		= "10.1016/j.physletb.2004.06.063",
      	year           	= "2004",
      	eprint         	= "hep-ph/0404071",
      	archivePrefix 	= "arXiv",
      	primaryClass	= "hep-ph",
      	reportNumber 	= "ROME1-1373-04, FREIBURG-THEP-04-05, RM3-TH-04-06, IFUM-788-FT",
      	SLACcitation	= "%%CITATION = HEP-PH/0404071;%%",
}

@article{Actis:2008ug,
      	author         	= "Actis, Stefano and Passarino, Giampiero and Sturm, Christian and Uccirati, Sandro",
      	title         		= "{NLO electroweak corrections to Higgs boson production at hadron colliders}",
      	journal        	= "Phys. Lett.",
      	volume         	= "B670",
      	pages          	= "12-17",
      	doi            		= "10.1016/j.physletb.2008.10.018",
      	year           	= "2008",
      	eprint         	= "0809.1301",
      	archivePrefix	= "arXiv",
      	primaryClass	= "hep-ph",
      	reportNumber 	= "PITHA-08-20, SFB-CPP-08-62, TTP08-38",
      	SLACcitation	= "%%CITATION = ARXIV:0809.1301;%%",
}

% Assembly NNLO QCD + NLO EW

@article{Anastasiou:2008tj,
     	author         	= "Anastasiou, Charalampos and Boughezal, Radja and Petriello, Frank",
      	title          		= "{Mixed QCD-electroweak corrections to Higgs boson production in gluon fusion}",
      	journal        	= "JHEP",
      	volume         	= "04",
      	pages          	= "003",
      	doi            		= "10.1088/1126-6708/2009/04/003",
      	year           	= "2009",
      	eprint         	= "0811.3458",
      	archivePrefix	= "arXiv",
      	primaryClass	= "hep-ph",
      	SLACcitation	= "%%CITATION = ARXIV:0811.3458;%%",
}

@article{deFlorian:2009hc,
      	author         	= "de Florian, Daniel and Grazzini, Massimiliano",
      	title          		= "{Higgs production through gluon fusion: Updated cross sections at the Tevatron and the LHC}",
      	journal        	= "Phys. Lett.",
      	volume         	= "B674",
      	pages          	= "291-294",
      	doi            		= "10.1016/j.physletb.2009.03.033",
      	year           	= "2009",
      	eprint         	= "0901.2427",
      	archivePrefix	= "arXiv",
      	primaryClass	= "hep-ph",
      	SLACcitation	= "%%CITATION = ARXIV:0901.2427;%%",
}

@article{Baglio:2010ae,
      	author         	= "Baglio, Julien and Djouadi, Abdelhak",
      	title          		= "{Higgs production at the lHC}",
      	journal        	= "JHEP",
      	volume         	= "03",
      	pages          	= "055",
      	doi            		= "10.1007/JHEP03(2011)055",
      	year           	= "2011",
      	eprint         	= "1012.0530",
      	archivePrefix	= "arXiv",
      	reportNumber 	= "LPT-ORSAY-10-89, CERN-PH-TH-2010-289",
      	SLACcitation	= "%%CITATION = ARXIV:1012.0530;%%",
}

% Assembly NNLO QCD + NLO EW for 8 TeV

@article{Anastasiou:2012hx,
      author         		= "Anastasiou, Charalampos and Buehler, Stephan and Herzog,
                        		Franz and Lazopoulos, Achilleas",
      title          		= "{Inclusive Higgs boson cross-section for the LHC at 8 TeV}",
      journal        		= "JHEP",
      volume         	= "04",
      pages          	= "004",
      year           		= "2012",
      eprint         		= "1202.3638",
      archivePrefix  	= "arXiv",
      primaryClass 	= "hep-ph",
      SLACcitation	= "%%CITATION = ARXIV:1202.3638;%%",
}

@article{deFlorian:2012yg,
      author         		= "de Florian, Daniel and Grazzini, Massimiliano",
      title          		= "{Higgs production at the LHC: updated cross sections at $\sqrt{s}=8$ TeV}",
      journal        		= "Phys. Lett.",
      volume         	= "B718",
      pages          	= "117-120",
      doi            		= "10.1016/j.physletb.2012.10.019",
      year           		= "2012",
      eprint         		= "1206.4133",
      archivePrefix 	= "arXiv",
      primaryClass	= "hep-ph",
      reportNumber	= "ZU-TH-08-12",
      SLACcitation	= "%%CITATION = ARXIV:1206.4133;%%",
}

% NNLO differential

@article{Anastasiou:2005qj,
      author         		= "Anastasiou, Charalampos and Melnikov, Kirill and Petriello, Frank",
      title          		= "{Fully differential Higgs boson production and the
                        		di-photon signal through next-to-next-to-leading order}",
      journal        		= "Nucl. Phys.",
      volume         	= "B724",
      year           		= "2005",
      pages          	= "197-246",
      doi            		= "10.1016/j.nuclphysb.2005.06.036",
      eprint         		= "hep-ph/0501130",
      archivePrefix 	= "arXiv",
      primaryClass 	= "hep-ph",
      reportNumber   	= "UH-511-1066-05",
      SLACcitation 	= "%%CITATION = HEP-PH/0501130;%%"
}

@article{Anastasiou:2007mz,
      author         		= "Anastasiou, Charalampos and Dissertori, Gunther and St{\"o}ckli, Fabian",
      title          		= "{NNLO QCD predictions for the $H \to WW \to \ell \nu \ell \nu$ signal at the LHC}",
      journal        		= "JHEP",
      volume         	= "09",
      year           		= "2007",
      pages          	= "018",
      doi            		= "10.1088/1126-6708/2007/09/018",
      eprint         		= "0707.2373",
      archivePrefix 	= "arXiv",
      primaryClass 	= "hep-ph",
      SLACcitation 	= "%%CITATION = ARXIV:0707.2373;%%"
}

@article{Catani:2007vq,
      author         		= "Catani, Stefano and Grazzini, Massimiliano",
      title          		= "{An NNLO subtraction formalism in hadron collisions and
                        		its application to Higgs boson production at the LHC}",
      journal        		= "Phys. Rev. Lett.",
      volume         	= "98",
      year           		= "2007",
      pages          	= "222002",
      doi            		= "10.1103/PhysRevLett.98.222002",
      eprint         		= "hep-ph/0703012",
      archivePrefix	= "arXiv",
      primaryClass 	= "hep-ph",
      SLACcitation 	= "%%CITATION = HEP-PH/0703012;%%"
}

@article{Grazzini:2008tf,
      author         		= "Grazzini, Massimiliano",
      title          		= "{NNLO predictions for the Higgs boson signal in the 
      				$H \to WW \to \ell \nu \ell \nu$ and $H \to ZZ \to 4\ell$ decay channels}",
      journal        		= "JHEP",
      volume         	= "02",
      year           		= "2008",
      pages          	= "043",
      doi            		= "10.1088/1126-6708/2008/02/043",
      eprint         		= "0801.3232",
      archivePrefix 	= "arXiv",
      primaryClass 	= "hep-ph",
      SLACcitation 	= "%%CITATION = ARXIV:0801.3232;%%"
}

% Higgs pT

% HqT 

@article{Bozzi:2005wk,
      	author         	= "Bozzi, Giuseppe and Catani, Stefano and de Florian, Daniel and Grazzini, Massimiliano",
      	title          		= "{Transverse-momentum resummation and the spectrum of the Higgs boson at the LHC}",
      	journal        	= "Nucl. Phys.",
      	volume         	= "B737",
      	pages          	= "73-120",
      	doi            		= "10.1016/j.nuclphysb.2005.12.022",
      	year           	= "2006",
      	eprint         	= "hep-ph/0508068",
      	archivePrefix	= "arXiv",
      	primaryClass	= "hep-ph",
      	SLACcitation	= "%%CITATION = HEP-PH/0508068;%%",
}

@article{deFlorian:2011xf,
      	author         	= "de Florian, Daniel and Ferrera, Giancarlo and Grazzini, Massimiliano and Tommasini, Damiano",
      	title          		= "{Transverse-momentum resummation: Higgs boson production at the Tevatron and the LHC}",
      	journal        	= "JHEP",
      	volume         	= "11",
      	pages          	= "064",
      	doi            		= "10.1007/JHEP11(2011)064",
      	year           	= "2011",
      	eprint         	= "1109.2109",
      	archivePrefix	= "arXiv",
      	primaryClass 	= "hep-ph",
      	reportNumber 	= "ZU-TH-17-11",
      	SLACcitation	= "%%CITATION = ARXIV:1109.2109;%%",
}

% HRes

@article{deFlorian:2012mx,
      author         		= "de Florian, D. and Ferrera, G. and Grazzini, M. and Tommasini, D.",
      title          		= "{Higgs boson production at the LHC: transverse momentum
                        		resummation effects in the $H \rightarrow 2\gamma, H \rightarrow WW \rightarrow \ell\nu\ell\nu$ 
                        		and $H \rightarrow ZZ \rightarrow 4\ell$ decay modes}",
      journal        		= "JHEP",
      volume         	= "06",
      year           		= "2012",
      pages          	= "132",
      doi            		= "10.1007/JHEP06(2012)132",
      eprint         		= "1203.6321",
      archivePrefix  	= "arXiv",
      primaryClass	= "hep-ph",
      reportNumber   	= "ZU-TH-04-12, IFUM-993-FT",
      SLACcitation 	= "%%CITATION = ARXIV:1203.6321;%%"
}

% Higgs pT matched with H+J at NNLO

@article{Monni:2016ktx,
      author         		= "Monni, Pier Francesco and Re, Emanuele and Torrielli, Paolo",
      title          		= "{Higgs Transverse-Momentum Resummation in Direct Space}",
      journal        		= "Phys. Rev. Lett.",
      volume         	= "116",
      year           		= "2016",
      pages          	= "242001",
      doi            		= "10.1103/PhysRevLett.116.242001",
      eprint         		= "1604.02191",
      archivePrefix  	= "arXiv",
      primaryClass   	= "hep-ph",
      reportNumber   	= "LAPTH-017-16, OUTP-16-07P",
      SLACcitation   	= "%%CITATION = ARXIV:1604.02191;%%"
}

% Higgs pT finite quark mass effect

@article{Bagnaschi:2011tu,
      author         		= "Bagnaschi, E. and Degrassi, G. and Slavich, P. and Vicini, A.",
      title          		= "{Higgs production via gluon fusion in the POWHEG approach in the SM and in the MSSM}",
      journal        		= "JHEP",
      volume         	= "02",
      year           		= "2012",
      pages          	= "088",
      doi            		= "10.1007/JHEP02(2012)088",
      eprint         		= "1111.2854",
      archivePrefix  	= "arXiv",
      primaryClass 	= "hep-ph",
      reportNumber  	= "RM3-TH-11-5, IFUM-990-FT",
      SLACcitation 	= "%%CITATION = ARXIV:1111.2854;%%"
}

@article{Mantler:2012bj,
      author         		= "Mantler, Hendrik and Wiesemann, Marius",
      title          		= "{Top- and bottom-mass effects in hadronic Higgs production at small transverse momenta through LO+NLL}",
      journal        		= "Eur. Phys. J.",
      volume         	= "C73",
      year           		= "2013",
      pages          	= "2467",
      doi            		= "10.1140/epjc/s10052-013-2467-x",
      eprint         		= "1210.8263",
      archivePrefix  	= "arXiv",
      primaryClass   	= "hep-ph",
      reportNumber   	= "WUB-12-23",
      SLACcitation   	= "%%CITATION = ARXIV:1210.8263;%%"
}

@article{Grazzini:2013mca,
      author         		= "Grazzini, Massimiliano and Sargsyan, Hayk",
      title          		= "{Heavy-quark mass effects in Higgs boson production at the LHC}",
      journal        		= "JHEP",
      volume         	= "09",
      year           		= "2013",
      pages          	= "129",
      doi            		= "10.1007/JHEP09(2013)129",
      eprint         		= "1306.4581",
      archivePrefix	= "arXiv",
      primaryClass 	= "hep-ph",
      reportNumber   	= "ZU-TH-10-13",
      SLACcitation 	= "%%CITATION = ARXIV:1306.4581;%%"
}

% Quark-mass effect with jet-veto

@article{Banfi:2013eda,
      author         		= "Banfi, Andrea and Monni, Pier Francesco and Zanderighi, Giulia",
      title          		= "{Quark masses in Higgs production with a jet veto}",
      journal        		= "JHEP",
      volume         	= "01",
      year           		= "2014",
      pages          	= "097",
      doi            		= "10.1007/JHEP01(2014)097",
      eprint         		= "1308.4634",
      archivePrefix  	= "arXiv",
      primaryClass   	= "hep-ph",
      SLACcitation   	= "%%CITATION = ARXIV:1308.4634;%%"
}

@article{Neumann:2014nha,
      author         		= "Neumann, Tobias and Wiesemann, Marius",
      title          		= "{Finite top-mass effects in gluon-induced Higgs production with a jet-veto at NNLO}",
      journal        		= "JHEP",
      volume         	= "11",
      year           		= "2014",
      pages          	= "150",
      doi            		= "10.1007/JHEP11(2014)150",
      eprint         		= "1408.6836",
      archivePrefix  	= "arXiv",
      primaryClass   	= "hep-ph",
      reportNumber   	= "ZU-TH-30-14, WUB-14-09, LPN14-107",
      SLACcitation   	= "%%CITATION = ARXIV:1408.6836;%%"
}


% Jet-bin uncertainty

@article{Stewart:2011cf,
      	author         	= "Stewart, Iain W. and Tackmann, Frank J.",
      	title          		= "{Theory uncertainties for Higgs and other searches using jet bins}",
      	journal        	= "Phys. Rev.",
      	volume         	= "D85",
      	pages          	= "034011",
      	doi            		= "10.1103/PhysRevD.85.034011",
      	year           	= "2012",
      	eprint         	= "1107.2117",
      	archivePrefix	= "arXiv",
      	primaryClass	= "hep-ph",
      	SLACcitation 	= "%%CITATION = ARXIV:1107.2117;%%",
}

@article{Banfi:2012jm,
      author         		= "Banfi, Andrea and Monni, Pier Francesco and Salam, Gavin P. and Zanderighi, Giulia",
      title         		= "{Higgs and Z-boson production with a jet veto}",
      journal        		= "Phys. Rev. Lett.",
      volume         	= "109",
      year           		= "2012",
      pages          	= "202001",
      doi            		= "10.1103/PhysRevLett.109.202001",
      eprint         		= "1206.4998",
      archivePrefix  	= "arXiv",
      primaryClass 	= "hep-ph",
      reportNumber   	= "CERN-PH-TH-2012-173, LPN12-061, OUTP-12-14P, ZU-ZH-10-12",
      SLACcitation	= "%%CITATION = ARXIV:1206.4998;%%"
}


@article{Banfi:2015pju,
      author         		= "Banfi, Andrea and Caola, Fabrizio and Dreyer, Fr{\'e}d{\'e}ric
                        		A. and Monni, Pier F. and Salam, Gavin P. and Zanderighi,
                        		Giulia and Dulat, Falko",
      title          		= "{Jet-vetoed Higgs cross section in gluon fusion at N$^{3}$LO+NNLL with small-$R$ resummation}",
      journal        		= "JHEP",
      volume         	= "04",
      year           		= "2016",
      pages          	= "049",
      doi            		= "10.1007/JHEP04(2016)049",
      eprint         		= "1511.02886",
      archivePrefix  	= "arXiv",
      primaryClass   	= "hep-ph",
      reportNumber   	= "CERN-PH-TH-2015-261, OUTP-15-29P",
      SLACcitation   	= "%%CITATION = ARXIV:1511.02886;%%"
}

% H+1-jet NNLO exclusive

@article{Chen:2014gva,
      author         		= "Chen, X. and Gehrmann, T. and Glover, E. W. N. and Jaquier, M.",
      title          		= "{Precise QCD predictions for the production of Higgs + jet final states}",
      journal        		= "Phys. Lett.",
      volume         	= "B740",
      year           		= "2015",
      pages          	= "147-150",
      doi            		= "10.1016/j.physletb.2014.11.021",
      eprint         		= "1408.5325",
      archivePrefix  	= "arXiv",
      primaryClass   	= "hep-ph",
      reportNumber   	= "IPPP-14-64, ZU-TH-27-14",
      SLACcitation   	= "%%CITATION = ARXIV:1408.5325;%%"
}

@article{Boughezal:2015dra,
      author         		= "Boughezal, Radja and Caola, Fabrizio and Melnikov, Kirill
                        		and Petriello, Frank and Schulze, Markus",
      title          		= "{Higgs boson production in association with a jet at next-to-next-to-leading order}",
      journal        		= "Phys. Rev. Lett.",
      volume         	= "115",
      year           		= "2015",
      pages          	= "082003",
      doi            		= "10.1103/PhysRevLett.115.082003",
      eprint         		= "1504.07922",
      archivePrefix  	= "arXiv",
      primaryClass   	= "hep-ph",
      reportNumber   	= "CERN-PH-TH-2015-056, TTP15-017",
      SLACcitation   	= "%%CITATION = ARXIV:1504.07922;%%"
}

@article{Boughezal:2015aha,
      author         		= "Boughezal, Radja and Focke, Christfried and Giele, Walter
                        		and Liu, Xiaohui and Petriello, Frank",
      title          		= "{Higgs boson production in association with a jet at NNLO using jettiness subtraction}",
      journal        		= "Phys. Lett.",
      volume         	= "B748",
      year           		= "2015",
      pages          	= "5-8",
      doi            		= "10.1016/j.physletb.2015.06.055",
      eprint         		= "1505.03893",
      archivePrefix  	= "arXiv",
      primaryClass   	= "hep-ph",
      reportNumber   	= "FERMILAB-PUB-15-210-T",
      SLACcitation   	= "%%CITATION = ARXIV:1505.03893;%%"
}

@article{Caola:2015wna,
      author         		= "Caola, Fabrizio and Melnikov, Kirill and Schulze, Markus",
      title          		= "{Fiducial cross sections for Higgs boson production in
                        		association with a jet at next-to-next-to-leading order in QCD}",
      journal        		= "Phys. Rev.",
      volume         	= "D92",
      year           		= "2015",
      pages          	= "074032",
      doi            		= "10.1103/PhysRevD.92.074032",
      eprint         		= "1508.02684",
      archivePrefix  	= "arXiv",
      primaryClass   	= "hep-ph",
      reportNumber   	= "CERN-PH-TH-2015-192, TTP15-030",
      SLACcitation   	= "%%CITATION = ARXIV:1508.02684;%%"
}

% LL resummation of logarithms of the jet-radius R

@article{Dasgupta:2014yra,
      author         		= "Dasgupta, Mrinal and Dreyer, Fr\UTF{00E9}d\UTF{00E9}ric and Salam, Gavin P. and Soyez, Gregory",
      title          		= "{Small-radius jets to all orders in QCD}",
      journal        		= "JHEP",
      volume         	= "04",
      year           		= "2015",
      pages          	= "039",
      doi            		= "10.1007/JHEP04(2015)039",
      eprint         		= "1411.5182",
      archivePrefix  	= "arXiv",
      primaryClass   	= "hep-ph",
      reportNumber   	= "CERN-PH-TH-2014-222",
      SLACcitation   	= "%%CITATION = ARXIV:1411.5182;%%"
}

% H+2-jet NLO

@article{Campbell:2012am,
      author         		= "Campbell, John M. and Ellis, R. Keith and Frederix, Rikkert and Nason, Paolo and Oleari, Carlo and Williams, Ciaran",
      title          		= "{NLO Higgs Boson Production Plus One and Two Jets Using the POWHEG BOX, MadGraph4 and MCFM}",
      journal        		= "JHEP",
      volume         	= "07",
      year           		= "2012",
      pages          	= "092",
      doi            		= "10.1007/JHEP07(2012)092",
      eprint         		= "1202.5475",
      archivePrefix  	= "arXiv",
      primaryClass   	= "hep-ph",
      reportNumber   	= "FERMILAB-PUB-12-040-T, CERN-PH-TH-2012-048",
      SLACcitation   	= "%%CITATION = ARXIV:1202.5475;%%"
}

@article{vanDeurzen:2013rv,
      author         		= "van Deurzen, H. and Greiner, N. and Luisoni, G. and Mastrolia, P. and Mirabella, E. and Ossola, G. and Peraro,
                        		T. and von Soden-Fraunhofen, J. F. and Tramontano, F.",
      title          		= "{NLO QCD corrections to the production of Higgs plus two jets at the LHC}",
      journal        		= "Phys. Lett.",
      volume         	= "B721",
      year           		= "2013",
      pages          	= "74-81",
      doi            		= "10.1016/j.physletb.2013.02.051",
      eprint         		= "1301.0493",
      archivePrefix  	= "arXiv",
      primaryClass   	= "hep-ph",
      reportNumber   	= "DSF-03-2013, MPP-2013-36",
      SLACcitation   	= "%%CITATION = ARXIV:1301.0493;%%"
}

% Heavy Higgs Lineshape and Interference Effect, Complex Pole Scheme 

@article{Seymour:1995qg,
      	author         	= "Seymour, Michael H.",
      	title          		= "{The Higgs boson line shape and perturbative unitarity}",
      	journal        	= "Phys. Lett.",
      	volume         	= "B354",
      	pages          	= "409-414",
      	doi            		= "10.1016/0370-2693(95)00699-L",
      	year           	= "1995",
      	eprint         	= "hep-ph/9505211",
      	archivePrefix	= "arXiv",
      	primaryClass	= "hep-ph",
      	reportNumber 	= "CERN-TH-95-94, CERN-TH-95-094",
      	SLACcitation	= "%%CITATION = HEP-PH/9505211;%%",
}

@article{Passarino:2010qk,
      	author         	= "Passarino, Giampiero and Sturm, Christian and Uccirati, Sandro",
      	title          		= "{Higgs pseudo-observables, second Riemann sheet and all that}",
      	journal        	= "Nucl. Phys.",
      	volume         	= "B834",
      	pages          	= "77-115",
      	doi            		= "10.1016/j.nuclphysb.2010.03.013",
      	year           	= "2010",
      	eprint         	= "1001.3360",
      	archivePrefix	= "arXiv",
      	primaryClass	= "hep-ph",
      	reportNumber 	= "TTP-10-04",
      	SLACcitation	= "%%CITATION = ARXIV:1001.3360;%%",
}

@article{Anastasiou:2011pi,
      	author         	= "Anastasiou, Charalampos and Buehler, Stephan and Herzog, Franz and Lazopoulos, Achilleas",
      	title          		= "{Total cross-section for Higgs boson hadroproduction with anomalous Standard Model interactions}",
      	journal        	= "JHEP",
      	volume         	= "12",
      	pages          	= "058",
      	doi            		= "10.1007/JHEP12(2011)058",
      	year           	= "2011",
      	eprint         	= "1107.0683",
      	archivePrefix	= "arXiv",
      	primaryClass	= "hep-ph",
      	SLACcitation	= "%%CITATION = ARXIV:1107.0683;%%",
}

% (Passarino prescription (also in YR2))
@article{Goria:2011wa,
      author         		= "Goria, Stefano and Passarino, Giampiero and Rosco, Dario",
      title          		= "{The Higgs boson lineshape}",
      journal        		= "Nucl. Phys.",
      volume         	= "B864",
      pages          	= "530-579",
      doi            		= "10.1016/j.nuclphysb.2012.07.006",
      year           		= "2012",
      eprint         		= "1112.5517",
      archivePrefix  	= "arXiv",
      primaryClass	= "hep-ph",
      SLACcitation	= "%%CITATION = ARXIV:1112.5517;%%",
}

@article{Passarino:2012ri,
      author         		= "Passarino, Giampiero",
      title          		= "{Higgs Interference Effects in $gg \to ZZ$ and their Uncertainty}",
      journal        		= "JHEP",
      volume         	= "08",
      pages          	= "146",
      doi            		= "10.1007/JHEP08(2012)146",
      year           		= "2012",
      eprint         		= "1206.3824",
      archivePrefix  	= "arXiv",
      primaryClass	= "hep-ph",
      SLACcitation	= "%%CITATION = ARXIV:1206.3824;%%",
}

% -----------
%	VBF		
% -----------

% LO

% Note Erratum

@article{Cahn:1983ip,
      author         		= "Cahn, R. N. and Dawson, Sally",
      title          		= "{Production of very massive Higgs bosons}",
      journal        		= "Phys. Lett.",
      volume         	= "B136",
      year           		= "1984",
      pages          	= "196-200",
      doi            		= "10.1016/0370-2693(84)91180-8",
      note           		= "[Erratum: Phys. Lett. B138 (1984) 464]",
      reportNumber   	= "LBL-16976",
      SLACcitation 	= "%%CITATION = PHLTA,B136,196;%%"
}

@article{Dicus:1985zg,
      author         		= "Dicus, Duane A. and Willenbrock, Scott S. D.",
      title          		= "{Higgs bosons from vector boson fusion in $e^+ e^-$, $ep$ and $p p$ collisions}",
      journal        		= "Phys. Rev.",
      volume         	= "D32",
      year           		= "1985",
      pages          	= "1642-1649",
      doi            		= "10.1103/PhysRevD.32.1642",
      reportNumber   	= "UTTG-12-85",
      SLACcitation 	= "%%CITATION = PHRVA,D32,1642;%%"
}

% NLO QCD

@article{Han:1992hr,
      author         		= "Han, Tao and Valencia, G. and Willenbrock, S.",
      title          		= "{Structure function approach to vector boson scattering in $pp$ collisions}",
      journal        		= "Phys. Rev. Lett.",
      volume         	= "69",
      year           		= "1992",
      pages          	= "3274-3277",
      doi            		= "10.1103/PhysRevLett.69.3274",
      eprint         		= "hep-ph/9206246",
      archivePrefix  	= "arXiv",
      primaryClass   	= "hep-ph",
      reportNumber   	= "FERMILAB-PUB-92-171-T",
      SLACcitation   	= "%%CITATION = HEP-PH/9206246;%%"
}

% NLO QCD+EW

% HAWK

@article{Ciccolini:2007jr,
      	author       	= "Ciccolini, M. and Denner, Ansgar and Dittmaier, S.",
      title          		= "{Strong and electroweak corrections to the production of Higgs + 2-jets via weak interactions at the LHC}",	
      	journal        	= "Phys. Rev. Lett.",
      	volume         	= "99",
      	pages          	=	"161803",
      	doi            		= "10.1103/PhysRevLett.99.161803",
      	year           	= "2007",
      	eprint         	= "0707.0381",
      	archivePrefix	= "arXiv",
      	reportNumber 	= "MPP-2007-82, PSI-PR-07-03",
      	SLACcitation	= "%%CITATION = ARXIV:0707.0381;%%",
}

@article{Ciccolini:2007ec,
      	author         	= "Ciccolini, Mariano and Denner, Ansgar and Dittmaier, Stefan",
      	title          		= "{Electroweak and QCD corrections to Higgs production via vector-boson fusion at the LHC}",
      	journal        	= "Phys. Rev.",
      	volume         	= "D77",
      	pages          	= "013002",
      	doi            		= "10.1103/PhysRevD.77.013002",
      	year           	= "2008",
      	eprint         	= "0710.4749",
      	archivePrefix	= "arXiv",
      	primaryClass	= "hep-ph",
      	reportNumber 	= "MPP-2007-152, PSI-PR-07-06, UWTHPH-2007-26",
      	SLACcitation	= "%%CITATION = ARXIV:0710.4749;%%",
}

% HAWK

@article{Denner:2014cla,
      author         		= "Denner, Ansgar and Dittmaier, Stefan and Kallweit, Stefan and M{\"u}ck, Alexander",
      title          		= "{HAWK 2.0: A Monte Carlo program for Higgs production in vector-boson fusion and Higgs strahlung at hadron colliders}",
      journal        		= "Comput. Phys. Commun.",
      volume         	= "195",
      year           		= "2015",
      pages          	= "161-171",
      doi            		= "10.1016/j.cpc.2015.04.021",
      eprint         		= "1412.5390",
      archivePrefix  	= "arXiv",
      primaryClass   	= "hep-ph",
      reportNumber   	= "FR-PHENO-2014-013, MITP-14-101, TTK-14-36",
      SLACcitation   	= "%%CITATION = ARXIV:1412.5390;%%"
}

% VBFNLO

@article{Arnold:2008rz,
      	author         	= "Arnold, K. and Bahr, M. and Bozzi, Giuseppe and Campanario, F. and Englert, C. and others",
      	title          		= "{VBFNLO: A Parton level Monte Carlo for processes with electroweak bosons}",
      	journal        	= "Comput. Phys. Commun.",
      	volume         	= "180",
      	pages          	= "1661-1670",
      	doi            		= "10.1016/j.cpc.2009.03.006",
      	year           	= "2009",
      	eprint         	= "0811.4559",
      	archivePrefix	= "arXiv",
      	primaryClass 	= "hep-ph",
      	reportNumber 	= "KA-TP-31-2008, SFB-CPP-08-95",
      	SLACcitation	= "%%CITATION = ARXIV:0811.4559;%%",
}

% NLO jet distributions in VBF

@article{Figy:2003nv,
      	author         	= "Figy, T. and Oleari, C. and Zeppenfeld, D.",
      	title          		= "{Next-to-leading order jet distributions for Higgs boson production via weak boson fusion}",
      	journal        	= "Phys. Rev.",
      	volume         	= "D68",
      	pages          	= "073005",
      	doi            		= "10.1103/PhysRevD.68.073005",
      	year           	= "2003",
      	eprint         	= "hep-ph/0306109",
      	archivePrefix	= "arXiv",
      	primaryClass	= "hep-ph",
      	reportNumber 	= "DCPT-03-54, IPPP-03-27, MADPH-03-1330",
      	SLACcitation	= "%%CITATION = HEP-PH/0306109;%%",
}

% NNLO QCD (in structure function approximation) VBFatNNLO

@article{Bolzoni:2010xr,
      	author        	 = "Bolzoni, Paolo and Maltoni, Fabio and Moch, Sven-Olaf and Zaro, Marco",
      	title          		= "{Higgs production via vector-boson fusion at NNLO in QCD}",
      	journal        	= "Phys. Rev. Lett.",
      	volume         	= "105",
      	pages          	= "011801",
      	doi            		= "10.1103/PhysRevLett.105.011801",
      	year           	= "2010",
      	eprint         	= "1003.4451",
      	archivePrefix	= "arXiv",
      	primaryClass	= "hep-ph",
      	reportNumber 	= "DESY-10-042, SFB-CPP-10-23, CP3-10-12",
      	SLACcitation	= "%%CITATION = ARXIV:1003.4451;%%",
}

@article{Bolzoni:2011cu,
      author         		= "Bolzoni, Paolo and Maltoni, Fabio and Moch, Sven-Olaf and Zaro, Marco",
      title          		= "{Vector boson fusion at NNLO in QCD: SM Higgs and beyond}",
      journal        		= "Phys. Rev.",
      volume         	= "D85",
      year           		= "2012",
      pages          	= "035002",
      doi            		= "10.1103/PhysRevD.85.035002",
      eprint         		= "1109.3717",
      archivePrefix  	= "arXiv",
      primaryClass 	= "hep-ph",
      reportNumber   	= "DESY-11-153, CP3-11-28, LPN-11-51, SFB-CPP-11-50",
      SLACcitation 	= "%%CITATION = ARXIV:1109.3717;%%"
}

% VBF SM + MSSM

@article{Figy:2010ct,
      author         		= "Figy, Terrance and Palmer, Sophy and Weiglein, Georg",
      title          		= "{Higgs production via weak boson fusion in the Standard Model and the MSSM}",
      journal        		= "JHEP",
      volume         	= "02",
      pages          	= "105",
      doi            		= "10.1007/JHEP02(2012)105",
      year           		= "2012",
      eprint         		= "1012.4789",
      archivePrefix  	= "arXiv",
      primaryClass	= "hep-ph",
      reportNumber	= "CERN-PH-TH-2010-145, DCPT-09-152, DESY-10-154, IPPP-09-76, KA-TP-35-2010",
      SLACcitation	= "%%CITATION = ARXIV:1012.4789;%%",
}

% VBF NNLO differential

@article{Cacciari:2015jma,
      author         		= "Cacciari, Matteo and Dreyer, Fr{\'e}d{\'e}ric A. and Karlberg,
                        		Alexander and Salam, Gavin P. and Zanderighi, Giulia",
      title          		= "{Fully Differential Vector-Boson-Fusion Higgs Production
                        		at Next-to-Next-to-Leading Order}",
      journal        		= "Phys. Rev. Lett.",
      volume         	= "115",
      year           		= "2015",
      pages          	= "082002",
      doi            		= "10.1103/PhysRevLett.115.082002",
      eprint         		= "1506.02660",
      archivePrefix  	= "arXiv",
      primaryClass   	= "hep-ph",
      reportNumber   	= "CERN-PH-TH-2015-127, OUTP-15-12P",
      SLACcitation   	= "%%CITATION = ARXIV:1506.02660;%%"
}

% VBF N3LO

@article{Dreyer:2016oyx,
      author         		= "Dreyer, Fr{\'e}d{\'e}ric A. and Karlberg, Alexander",
      title          		= "{Vector-boson fusion Higgs production at N$^3$LO in QCD}",
      year           		= "2016",
      eprint         		= "1606.00840",
      archivePrefix  	= "arXiv",
      primaryClass   	= "hep-ph",
      reportNumber   	= "CERN-TH-2016-127, OUTP-16-12P",
      SLACcitation   	= "%%CITATION = ARXIV:1606.00840;%%"
}

% ----------------
%	WH/ZH		
% ----------------

% LO

@article{Glashow:1978ab,
      	author         	= "Glashow, S.L. and Nanopoulos, Dimitri V. and Yildiz, A.",
      	title          		= "{Associated production of Higgs bosons and $Z$ particles}",
      	journal        	= "Phys. Rev. D",
      	volume         	= "18",
      	pages          	= "1724-1727",
      	doi            		= "10.1103/PhysRevD.18.1724",
      	year           	= "1978",
      	SLACcitation   	= "%%CITATION = PHRVA,D18,1724;%%",
}

% NLO QCD

@article{Han:1991ia,
      	author         	= "Han, Tao and Willenbrock, S.",
     	title     		= "{QCD correction to the $pp \rightarrow WH$ and $ZH$ total cross-sections}",
      	journal        	= "Phys. Lett.",
      	volume         	= "B273",
      	pages          	= "167-172",
      	doi            		= "10.1016/0370-2693(91)90572-8",
      	year           	= "1991",
      	reportNumber 	= "FERMILAB-PUB-91-070-T, BNL-45990",
      	SLACcitation	= "%%CITATION = PHLTA,B273,167;%%",
}

% NNLO QCD Higgs-strahlung

@article{Brein:2003wg,
      	author         	= "Brein, Oliver and Djouadi, Abdelhak and Harlander, Robert",
      	title          		= "{NNLO QCD corrections to the Higgs-strahlung processes at hadron colliders}",
      	journal        	= "Phys. Lett. B",
      	volume         	= "579",
      	pages          	= "149-156",
      	doi            		= "10.1016/j.physletb.2003.10.112",
      	year           	= "2004",
      	eprint         	= "hep-ph/0307206",
      	archivePrefix	= "arXiv",
      	reportNumber 	= "MPP-2003-35, CERN-TH-2003-161, PM-03-16",
      	SLACcitation 	= "%%CITATION = HEP-PH/0307206;%%",
}

% NLO EW

@article{Ciccolini:2003jy,
      	author         	= "Ciccolini, M. L. and Dittmaier, S. and {Kr\"amer}, M.",
	title 			= "{Electroweak radiative corrections to associated $WH$ and $ZH$ production at hadron colliders}",
      journal        = "Phys. Rev. D",
      volume         = "68",
      year           = "2003",
      pages          = "073003",
      doi            = "10.1103/PhysRevD.68.073003",
      eprint         = "hep-ph/0306234",
      archivePrefix  = "arXiv",
      reportNumber   = "EDINBURGH-2003-05, MPI-PHT-2003-24",
      SLACcitation   = "%%CITATION = HEP-PH/0306234;%%"
}
% NLO EW corrections for DIFFERENTIAL cross sections including W/Z decays - HAWK documentation for WH/ZH 

@article{Denner:2011id,
      author         		= "Denner, Ansgar and Dittmaier, Stefan and Kallweit, Stefan and M{\"u}ck, Alexander",
      title          		= "{Electroweak corrections to Higgs-strahlung off W/Z bosons at the Tevatron and the LHC with Hawk}",
      journal        		= "JHEP",
      volume         	= "03",
      pages          	= "075",
      doi            		= "10.1007/JHEP03(2012)075",
      year           		= "2012",
      eprint         		= "1112.5142",
      archivePrefix	= "arXiv",
      primaryClass	= "hep-ph",
      reportNumber	= "FR-PHENO-2011-025, PSI-PR-11-04, ZU-TH-29-11, TTK-11-61",
      SLACcitation	= "%%CITATION = ARXIV:1112.5142;%%",
}

% Drell-Yan (also Erratum-ibid. B644 (2002) 403-404)

@article{Hamberg:1990np,
      	author         	= "Hamberg, R. and van Neerven, W.L. and Matsuura, T.",
      	title          		= "{A Complete calculation of the order $\alpha_{s}^{2}$ correction to the Drell-Yan $K$-factor}",
      	journal        	= "Nucl. Phys.",
      	volume         	= "B359",
      	pages          	= "343-405",
      	doi            		= "10.1016/0550-3213(91)90064-5, 10.1016/0550-3213(91)90064-5",
      	year           	= "1991",
      	reportNumber 	= "DESY-90-129",
      	SLACcitation 	= "%%CITATION = NUPHA,B359,343;%%",
}

% NNLO QCD corrections to DIFFERENTIAL WH cross section

@article{Ferrera:2011bk,
      	author         	= "Ferrera, Giancarlo and Grazzini, Massimiliano and Tramontano, Francesco",
      	title          		= "{Associated Higgs-$W$-Boson Production at Hadron Colliders: a Fully Exclusive QCD Calculation at NNLO}",
      	journal        	= "Phys. Rev. Lett.",
      	volume         	= "107",
      	pages          	= "152003",
      	doi            		= "10.1103/PhysRevLett.107.152003",
      	year           	= "2011",
      	eprint         	= "1107.1164",
      	archivePrefix 	= "arXiv",
      	primaryClass 	= "hep-ph",
      	reportNumber 	= "CERN-PH-TH-2011-159, ZU-TH-14-11",
      	SLACcitation 	= "%%CITATION = ARXIV:1107.1164;%%",
}

@article{Ferrera:2013yga,
      author         		= "Ferrera, Giancarlo and Grazzini, Massimiliano and Tramontano, Francesco",
      title          		= "{Higher-order QCD effects for associated WH production and decay at the LHC}",
      journal        		= "JHEP",
      volume         	= "04",
      year           		= "2014",
      pages          	= "039",
      doi            		= "10.1007/JHEP04(2014)039",
      eprint         		= "1312.1669",
      archivePrefix  	= "arXiv",
      primaryClass   	= "hep-ph",
      reportNumber   = "DF-08-2013, IFUM-1019-FT, ZU-TH-27-13",
      SLACcitation   	= "%%CITATION = ARXIV:1312.1669;%%"
}

% NNLO QCD corrections to DIFFERENTIAL ZH cross section

@article{Ferrera:2014lca,
      author         		= "Ferrera, Giancarlo and Grazzini, Massimiliano and Tramontano, Francesco",
      title          		= "{Associated ZH production at hadron colliders: The fully differential NNLO QCD calculation}",
      journal        		= "Phys. Lett. B",
      volume         	= "740",
      year           		= "2015",
      pages          	= "51-55",
      doi            		= "10.1016/j.physletb.2014.11.040",
      eprint         		= "1407.4747",
      archivePrefix 	= "arXiv",
      primaryClass  	= "hep-ph",
      reportNumber   	= "IFUM-1031-FT, ZU-TH-23-14",
      SLACcitation 	= "%%CITATION = ARXIV:1407.4747;%%"
}

% NNLO QCD differential 

@article{Campbell:2016jau,
      author         		= "Campbell, John M. and Ellis, R. Keith and Williams, Ciaran",
      title          		= "{Associated production of a Higgs boson at NNLO}",
      journal        		= "JHEP",
      volume         	= "06",
      year           		= "2016",
      pages          	= "179",
      doi            		= "10.1007/JHEP06(2016)179",
      eprint         		= "1601.00658",
      archivePrefix  	= "arXiv",
      primaryClass   	= "hep-ph",
      reportNumber   	= "IPPP-15-78, FERMILAB-PUB-16-001-T",
      SLACcitation   	= "%%CITATION = ARXIV:1601.00658;%%"
}

% Top-loop induced terms in WH/ZH

@article{Brein:2011vx,
      author         		= "Brein, Oliver and Harlander, Robert V. and Wiesemann, Marius and Zirke, Tom",
      title          		= "{Top-quark mediated effects in hadronic Higgs-Strahlung}",
      journal        		= "Eur. Phys. J. C",
      volume         	= "72",
      year           		= "2012",
      pages          	= "1868",
      doi            		= "10.1140/epjc/s10052-012-1868-6",
      eprint         		= "1111.0761",
      archivePrefix 	= "arXiv",
      primaryClass 	= "hep-ph",
      reportNumber 	= "CERN-PH-TH-2011-268, FR-PHENO-2011-016, WUB-11-15",
      SLACcitation 	= "%%CITATION = ARXIV:1111.0761;%%"
}

% NLO QCD correction to gg->ZH

@article{Altenkamp:2012sx,
      author         		= "Altenkamp, Lukas and Dittmaier, Stefan and Harlander, Robert V. and Rzehak, Heidi and Zirke, Tom J. E.",
      title          		= "{Gluon-induced Higgs-strahlung at next-to-leading order QCD}",
      journal        		= "JHEP",
      volume         	= "02",
      year           		= "2013",
      pages          	= "078",
      doi            		= "10.1007/JHEP02(2013)078",
      eprint         		= "1211.5015",
      archivePrefix 	= "arXiv",
      primaryClass	= "hep-ph",
      reportNumber   	= "CERN-PH-TH-2012-312, FR-PHENO-2012-023, WUB-12-21",
      SLACcitation 	= "%%CITATION = ARXIV:1211.5015;%%"
}

@article{Hespel:2015zea,
      author         		= "Hespel, B. and Maltoni, F. and Vryonidou, E.",
      title          		= "{Higgs and Z boson associated production via gluon fusion in the SM and the 2HDM}",
      journal        		= "JHEP",
      volume         	= "06",
      year           		= "2015",
      pages          	= "065",
      doi            		= "10.1007/JHEP06(2015)065",
      eprint         		= "1503.01656",
      archivePrefix  	= "arXiv",
      primaryClass   	= "hep-ph",
      reportNumber   	= "CP3-15-05, MCNET-15-04",
      SLACcitation   	= "%%CITATION = ARXIV:1503.01656;%%"
}

% Phenomenology in gg->ZH (interference effect)

@article{Englert:2013vua,
      author         		= "Englert, Christoph and McCullough, Matthew and Spannowsky, Michael",
      title          		= "{Gluon-initiated associated production boosts Higgs physics}",
      journal        		= "Phys. Rev.",
      volume         	= "D89",
      year           		= "2014",
      pages          	= "013013",
      doi            		= "10.1103/PhysRevD.89.013013",
      eprint         		= "1310.4828",
      archivePrefix  	= "arXiv",
      primaryClass   	= "hep-ph",
      reportNumber   	= "DCPT-13-158, IPPP-13-79, MIT-CTP-4506",
      SLACcitation   	= "%%CITATION = ARXIV:1310.4828;%%"
}

% -----------
%	ttH		
% -----------

% LO 

@article{Raitio:1978pt,
      author         		= "Raitio, Risto and Wada, Walter W.",
      title          		= "{Higgs Boson Production at Large Transverse Momentum in {QCD}}",
      journal        		= "Phys. Rev.",
      volume         	= "D19",
      year           		= "1979",
      pages          	= "941",
      doi            		= "10.1103/PhysRevD.19.941",
      reportNumber   	= "SLAC-PUB-2197, COO-1545-242",
      SLACcitation   	= "%%CITATION = PHRVA,D19,941;%%"
}

@article{Kunszt:1984ri,
      author         		= "Kunszt, Z.",
      title          		= "{Associated production of heavy Higgs boson with top quarks}",
      journal        		= "Nucl. Phys.",
      volume         	= "B247",
      year           		= "1984",
      pages          	= "339-359",
      doi            		= "10.1016/0550-3213(84)90553-4",
      reportNumber   	= "BUTP-84/10-BERN",
      SLACcitation  	= "%%CITATION = NUPHA,B247,339;%%"
}	

% NLO QCD

@article{Beenakker:2001rj,
      	author         	= "Beenakker, W. and Dittmaier, S. and Kr{\"a}mer, M. and Plumper, B. and Spira, M. and others",
      	title          		= "{Higgs radiation off top quarks at the Tevatron and the LHC}",
      	journal        	= "Phys. Rev. Lett.",
      	volume         	= "87",
      	pages          	= "201805",
      	doi            		= "10.1103/PhysRevLett.87.201805",
      	year           	= "2001",
      	eprint         	= "hep-ph/0107081",
      	archivePrefix	= "arXiv",
      	primaryClass 	= "hep-ph",
      	reportNumber 	= "DESY-01-077, EDINBURGH-2001-08, PSI-PR-01-10",
      	SLACcitation	= "%%CITATION = HEP-PH/0107081;%%",
}

@article{Beenakker:2002nc,
      	author         	= "Beenakker, W. and Dittmaier, S. and Kr{\"a}mer, M. and Plumper, B. and Spira, M. and others",
      	title     		= "{NLO QCD corrections to $t\bar{t}H$  production in hadron collisions}",	
      	journal        	= "Nucl. Phys.",
      	volume         	= "B653",
      	pages          	= "151-203",
      	doi            		= "10.1016/S0550-3213(03)00044-0",
      	year           	= "2003",
      	eprint         	= "hep-ph/0211352",
      	archivePrefix	= "arXiv",
      	primaryClass	= "hep-ph",
      	reportNumber = "DESY-02-177, EDINBURGH-2002-18, MPI-PHT-2002-70, PSI-PR-02-22",
      	SLACcitation	= "%%CITATION = HEP-PH/0211352;%%",
}

@article{Dawson:2002tg,
      	author         	= "Dawson, S. and Orr, L.H. and Reina, L. and Wackeroth, D.",
      	title          		= "{Next-to-leading order QCD corrections to $pp \rightarrow t\bar{t}h$ at the CERN Large Hadron Collider}", 
      	journal        	= "Phys. Rev.",
      	volume         	= "D67",
      	pages          	= "071503",
      	doi            		= "10.1103/PhysRevD.67.071503",
      	year           	= "2003",
      	eprint         	= "hep-ph/0211438",
      	archivePrefix	= "arXiv",
      	primaryClass	= "hep-ph",
      	reportNumber 	= "BNL-HET-02-27A, FSU-HEP-2002-1115, UB-HET-02-09",
      	SLACcitation	= "%%CITATION = HEP-PH/0211438;%%",
}

@article{Dawson:2003zu,
      	author         	= "Dawson, S. and Jackson, C. and Orr, L.H. and Reina, L. and Wackeroth, D.",
      	title          		= "{Associated Higgs production with top quarks at the large hadron collider: NLO QCD corrections}",
      	journal        	= "Phys. Rev.",
      	volume         	= "D68",
      	pages          	= "034022",
      	doi            		= "10.1103/PhysRevD.68.034022",
      	year           	= "2003",
      	eprint         	= "hep-ph/0305087",
      	archivePrefix	= "arXiv",
      	primaryClass	= "hep-ph",
      	reportNumber 	= "BNL-HET-03-9, FSU-HEP-2003-0503, UB-HET-03-02",
      	SLACcitation	= "%%CITATION = HEP-PH/0305087;%%",
}

% NLO EW

@article{Yu:2014cka,
      author         		= "Zhang, Yu and Ma, Wen-Gan and Zhang, Ren-You and Chen, Chong and Guo, Lei",
      title          		= "{QCD NLO and EW NLO corrections to $t\bar{t}H$ production with top quark decays at hadron collider}",
      journal        		= "Phys. Lett.",
      volume         	= "B738",
      year           		= "2014",
      pages          	= "1-5",
      doi            		= "10.1016/j.physletb.2014.09.022",
      eprint         		= "1407.1110",
      archivePrefix  	= "arXiv",
      primaryClass   	= "hep-ph",
      SLACcitation   	= "%%CITATION = ARXIV:1407.1110;%%"
}

@article{Frixione:2014qaa,
      author         		= "Frixione, S. and Hirschi, V. and Pagani, D. and Shao, H. S. and Zaro, M.",
      title          		= "{Weak corrections to Higgs hadroproduction in association with a top-quark pair}",
      journal        		= "JHEP",
      volume         	= "09",
      year           		= "2014",
      pages          	= "065",
      doi            		= "10.1007/JHEP09(2014)065",
      eprint         		= "1407.0823",
      archivePrefix  	= "arXiv",
      primaryClass 	= "hep-ph",
      reportNumber   	= "CERN-PH-TH-2014-123, CP3-14-49",
      SLACcitation 	= "%%CITATION = ARXIV:1407.0823;%%"
}

@article{Frixione:2015zaa,
      author         		= "Frixione, S. and Hirschi, V. and Pagani, D. and Shao, H.-S. and Zaro, M.",
      title          		= "{Electroweak and QCD corrections to top-pair
                        		hadroproduction in association with heavy bosons}",
      journal        		= "JHEP",
      volume        	= "06",
      year           		= "2015",
      pages          	= "184",
      doi            		= "10.1007/JHEP06(2015)184",
      eprint         		= "1504.03446",
      archivePrefix  	= "arXiv",
      primaryClass   	= "hep-ph",
      reportNumber   	= "CERN-PH-TH-2015-083, CP3-15-10, LPN15-022, SLAC-PUB-16253",
      SLACcitation   	= "%%CITATION = ARXIV:1504.03446;%%"
}

% -----------
%	tH		
% -----------

% t-ch and s-ch

@article{Demartin:2015uha,
      author         		= "Demartin, Federico and Maltoni, Fabio and Mawatari, Kentarou and Zaro, Marco",
      title          		= "{Higgs production in association with a single top quark at the LHC}",
      journal        		= "Eur. Phys. J.",
      volume         	= "C75",
      year           		= "2015",
      pages          	= "267",
      doi            		= "10.1140/epjc/s10052-015-3475-9",
      eprint         		= "1504.00611",
      archivePrefix  	= "arXiv",
      primaryClass   	= "hep-ph",
      reportNumber   	= "MCNET-15-07, CP3-15-08",
      SLACcitation   	= "%%CITATION = ARXIV:1504.00611;%%"
}

% W-associated production tHW

@article{Demartin:2016axk,
      author         		= "Demartin, Federico and Maier, Benedikt and Maltoni, Fabio and Mawatari, Kentarou and Zaro, Marco",
      title          		= "{$tWH$ associated production at the LHC}",
      year           		= "2016",
      eprint         		= "1607.05862",
      archivePrefix  	= "arXiv",
      primaryClass   	= "hep-ph",
      reportNumber   	= "MCNET-16-30, CP3-16-40, LPSC16158",
      SLACcitation   	= "%%CITATION = ARXIV:1607.05862;%%"
}

% coupling measurement
 
@article{Farina:2012xp,
      author         		= "Farina, Marco and Grojean, Christophe and Maltoni, Fabio
                        		and Salvioni, Ennio and Thamm, Andrea",
      title          		= "{Lifting degeneracies in Higgs couplings using single top
                        		production in association with a Higgs boson}",
      journal        		= "JHEP",
      volume         	= "05",
      year           		= "2013",
      pages          	= "022",
      doi            		= "10.1007/JHEP05(2013)022",
      eprint         		= "1211.3736",
      archivePrefix  	= "arXiv",
      primaryClass   	= "hep-ph",
      reportNumber   	= "CERN-PH-TH-2012-313, DFPD-2012-TH-20, CP3-12-47",
      SLACcitation   	= "%%CITATION = ARXIV:1211.3736;%%"
}

% ------------
%	HH		
% ------------

% LO

@article{Eboli:1987dy,
      author         		= "\'{E}boli, O. J. P. and Marques, G. C. and Novaes, S. F. and Natale, A. A.",
      title          		= "{Twin Higgs-boson production}",
      journal        		= "Phys. Lett.",
      volume         	= "B197",
      pages          	= "269-272",
      doi            		= "10.1016/0370-2693(87)90381-9",
      year           		= "1987",
      reportNumber	= "MIT-CTP-1376A",
      SLACcitation	= "%%CITATION = PHLTA,B197,269;%%",
}

@article{Glover:1987nx,
      author         		= "Glover, E. W. Nigel and van der Bij, J. J.",
      title          		= "{Higgs boson pair production via gluon fusion}",
      journal        		= "Nucl. Phys.",
      volume         	= "B309",
      pages          	= "282-294",
      doi            		= "10.1016/0550-3213(88)90083-1",
      year           		= "1988",
      reportNumber	= "CERN-TH-4934/87",
      SLACcitation	= "%%CITATION = NUPHA,B309,282;%%",
}

@article{Dicus:1987ic,
      author         		= "Dicus, Duane A. and Kao, Chung and Willenbrock, Scott S. D.",
      title          		= "{Higgs boson pair production from gluon fusion}",
      journal        		= "Phys. Lett.",
      volume         	= "B203",
      pages          	= "457-461",
      doi            		= "10.1016/0370-2693(88)90202-X",
      year           		= "1988",
      reportNumber	= "MAD/PH/399",
      SLACcitation	= "%%CITATION = PHLTA,B203,457;%%",
}

@article{Plehn:1996wb,
      author         		= "Plehn, T. and Spira, M. and Zerwas, P. M.",
      title          		= "{Pair production of neutral Higgs particles in gluon-gluon collisions}",
      journal        		= "Nucl. Phys.",
      volume         	= "B479",
      pages          	= "46-64, Erratum-ibid. B531 (1998) 655",
      doi            		= "10.1016/0550-3213(96)00418-X",
      year           		= "1996",
      eprint         		= "hep-ph/9603205",
      archivePrefix	= "arXiv",
      primaryClass	= "hep-ph",
      reportNumber	= "DESY-95-215",
      SLACcitation	= "%%CITATION = HEP-PH/9603205;%%",
}

% NLO QCD

@article{Dawson:1998py,
      author         		= "Dawson, S. and Dittmaier, S. and Spira, M.",
      title          		= "{Neutral Higgs-boson pair production at hadron colliders: QCD corrections}",
      journal        		= "Phys. Rev.",
      volume         	= "D58",
      pages          	= "115012",
      doi            		= "10.1103/PhysRevD.58.115012",
      year           		= "1998",
      eprint         		= "hep-ph/9805244",
      archivePrefix	= "arXiv",
      primaryClass	= "hep-ph",
      reportNumber	= "DESY-98-028, BNL-HET-98-15, CERN-TH-98-135",
      SLACcitation	= "%%CITATION = HEP-PH/9805244;%%",
}

@article{Djouadi:1999rca,
      author         		= "Djouadi, A. and Kilian, W. and M{\"u}hlleitner, M. and Zerwas, P. M.",
      title          		= "{Production of neutral Higgs boson pairs at LHC}",
      journal        		= "Eur. Phys. J.",
      volume         	= "C10",
      year           		= "1999",
      pages          	= "45-49",
      doi            		= "10.1007/s100529900083",
      eprint         		= "hep-ph/9904287",
      archivePrefix  	= "arXiv",
      reportNumber   	= "DESY-99-033, TTP-99-17, PM-99-21",
      SLACcitation   	= "%%CITATION = HEP-PH/9904287;%%"
}

% NNLO QCD

@article{deFlorian:2013jea,
      author         		= "de Florian, Daniel and Mazzitelli, Javier",
      title          		= "{Higgs boson pair production at next-to-next-to-leading order in QCD}",
      journal        		= "Phys. Rev. Lett.",
      volume         	= "111",
      pages          	= "201801",
      doi            		= "10.1103/PhysRevLett.111.201801",
      year           		= "2013",
      eprint         		= "1309.6594",
      archivePrefix	= "arXiv",
      primaryClass	= "hep-ph",
      SLACcitation	= "%%CITATION = ARXIV:1309.6594;%%",
}

@article{Grigo:2014jma,
      author         		= "Grigo, Jonathan and Melnikov, Kirill and Steinhauser, Matthias",
      title          		= "{Virtual corrections to Higgs boson pair production in the large top quark mass limit}",
      journal        		= "Nucl. Phys.",
      volume         	= "B888",
      year           		= "2014",
      pages          	= "17-29",
      doi            		= "10.1016/j.nuclphysb.2014.09.003",
      eprint         		= "1408.2422",
      archivePrefix  	= "arXiv",
      primaryClass   	= "hep-ph",
      reportNumber   	= "TTP14-024, LPN14-101",
      SLACcitation   	= "%%CITATION = ARXIV:1408.2422;%%"
}

% NLO QCD including approx. top-quark mass effect

@article{Grigo:2013rya,
      author         		= "Grigo, Jonathan and Hoff, Jens and Melnikov, Kirill and Steinhauser, Matthias",
      title          		= "{On the Higgs boson pair production at the LHC}",
      journal        		= "Nucl. Phys.",
      volume         	= "B875",
      pages          	= "1-17",
      doi            		= "10.1016/j.nuclphysb.2013.06.024",
      year           		= "2013",
      eprint         		= "1305.7340",
      archivePrefix	= "arXiv",
      primaryClass	= "hep-ph",
      reportNumber	= "SFB-CPP-13-29, TTP13-13, LPN13-030",
      SLACcitation	= "%%CITATION = ARXIV:1305.7340;%%",
}

@article{Maltoni:2014eza,
      author         		= "Maltoni, F. and Vryonidou, E. and Zaro, M.",
      title          		= "{Top-quark mass effects in double and triple Higgs production in gluon-gluon fusion at NLO}",
      journal        		= "JHEP",
      volume         	= "11",
      year           		= "2014",
      pages          	= "079",
      doi            		= "10.1007/JHEP11(2014)079",
      eprint         		= "1408.6542",
      archivePrefix  	= "arXiv",
      primaryClass   	= "hep-ph",
      reportNumber   	= "CP3-14-61, MCNET-14-18, LPN14-105",
      SLACcitation   	= "%%CITATION = ARXIV:1408.6542;%%"
}

% Complete NLO QCD including top-quark mass effect

@article{Borowka:2016ehy,
      author         		= "Borowka, S. and Greiner, N. and Heinrich, G. and Jones, S. P. and Kerner, M. and Schlenk, J. and Schubert, U. and Zirke, T.",
      title          		= "{Higgs Boson Pair Production in Gluon Fusion at Next-to-Leading Order with Full Top-Quark Mass Dependence}",
      journal        		= "Phys. Rev. Lett.",
      volume         	= "117",
      year           		= "2016",
      pages          	= "012001",
      doi            		= "10.1103/PhysRevLett.117.012001",
      eprint         		= "1604.06447",
      archivePrefix  	= "arXiv",
      primaryClass   	= "hep-ph",
      reportNumber   	= "MPP-2016-80, NSF-KITP-16-040, ZH-TH-14-16",
      SLACcitation   	= "%%CITATION = ARXIV:1604.06447;%%"
}

% NNLL threshold resummation

@article{deFlorian:2015moa,
      author         		= "de Florian, Daniel and Mazzitelli, Javier",
      title          		= "{Higgs pair production at next-to-next-to-leading logarithmic accuracy at the LHC}",
      journal        		= "JHEP",
      volume         	= "09",
      year           		= "2015",
      pages          	= "053",
      doi            		= "10.1007/JHEP09(2015)053",
      eprint         		= "1505.07122",
      archivePrefix  	= "arXiv",
      primaryClass   	= "hep-ph",
      SLACcitation   	= "%%CITATION = ARXIV:1505.07122;%%"
}

% NNLO differential in the mt->infty approximation

@article{deFlorian:2016uhr,
      author         		= "de Florian, Daniel and Grazzini, Massimiliano and Hanga, Catalin and Kallweit, Stefan and Lindert, Jonas M. and
                        		Maierh{\"o}fer, Philipp and Mazzitelli, Javier and Rathlev, Dirk",
      title          		= "{Differential Higgs Boson Pair Production at Next-to-Next-to-Leading Order in QCD}",
      year           		= "2016",
      eprint         		= "1606.09519",
      archivePrefix  	= "arXiv",
      primaryClass   	= "hep-ph",
      reportNumber   	= "DESY-16-107, FR-PHENO-2016-007, ICAS-08-16, MITP-16-061, ZU-TH-20-16",
      SLACcitation   	= "%%CITATION = ARXIV:1606.09519;%%"
}


% ----------------------------------
%	SM Branching Ratios		
% ----------------------------------

% HDECY and update

@article{Djouadi:1997yw,
      	author         	= "Djouadi, A. and Kalinowski, J. and Spira, M.",
      	title          		= "{HDECAY: a program for Higgs boson decays in the Standard Model and its supersymmetric extension}",
      	journal        	= "Comput. Phys. Commun.",
      	volume         	= "108",
      	pages          	= "56-74",
      	doi            		= "10.1016/S0010-4655(97)00123-9",
      	year           	= "1998",
      	eprint         	= "hep-ph/9704448",
      	archivePrefix	= "arXiv",
      	reportNumber 	= "DESY-97-079, IFT-96-29, PM-97-04",
      	SLACcitation	= "%%CITATION = HEP-PH/9704448;%%",
}

@article{Djouadi:2006bz,
      author         		= "Djouadi, A. and M{\"u}hlleitner, M. M. and Spira, M.",
      title          		= "{Decays of supersymmetric particles: The Program SUSY-HIT (SUspect-SdecaY-Hdecay-InTerface)}",
      booktitle      	= "{Physics at LHC. Proceedings, 3rd Conference, Cracow, Poland, July 3-8, 2006}",
      journal        		= "Acta Phys. Polon.",
      volume         	= "B38",
      year           		= "2007",
      pages          	= "635-644",
      eprint         		= "hep-ph/0609292",
      archivePrefix  	= "arXiv",
      reportNumber   	= "CERN-PH-TH-2006-200",
      SLACcitation   	= "%%CITATION = HEP-PH/0609292;%%"
}

@inproceedings{hdecay2,
       	author  		= "Djouadi, A. and Kalinowski, J. and {M\"uhlleitner}, M. and Spira , M.", 
      	title           		= "{An update of the program HDECAY}",
     	booktitle       	= "{The Les Houches 2009 workshop on TeV colliders: The tools and Monte Carlo working group summary report}",
     	year           	= "2010",
     	eprint         	= "1003.1643",
     	archivePrefix	= "arXiv",
}

@inproceedings{Badger:2016bpw,
      author         = "Andersen, J. R. and others",
      title          = "{Les Houches 2015: Physics at TeV Colliders Standard
                        Model Working Group Report}",
      booktitle      = "{9th Les Houches Workshop on Physics at TeV Colliders
                        (PhysTeV 2015) Les Houches, France, June 1-19, 2015}",
      year           = "2016",
      eprint         = "1605.04692",
      archivePrefix  = "arXiv",
      primaryClass   = "hep-ph",
      reportNumber   = "FERMILAB-CONF-16-175-PPD-T",
      SLACcitation   = "%%CITATION = ARXIV:1605.04692;%%"
}

% Prophecy4f

@article{Bredenstein:2006rh,
      	author         	= "Bredenstein, A. and Denner, Ansgar and Dittmaier, S. and Weber, M.M.",
     	title     		= "{Precise predictions for the Higgs-boson decay $H \rightarrow WW/ZZ \rightarrow 4$ leptons}",
      	journal        	= "Phys. Rev.",
      	volume         	= "D74",
      	pages          	= "013004",
      	doi            	= "10.1103/PhysRevD.74.013004",
      	year           	= "2006",
      	eprint         	= "hep-ph/0604011",
      	archivePrefix	= "arXiv",
      	primaryClass	= "hep-ph",
      	reportNumber = "MPP-2005-24, PSI-PR-06-05",
      	SLACcitation	= "%%CITATION = HEP-PH/0604011;%%",
}

@article{Bredenstein:2006ha,
      	author         	= "Bredenstein, A. and Denner, Ansgar and Dittmaier, S. and Weber, M.M.",
      	title          		= "{Radiative corrections to the semileptonic and hadronic Higgs-boson decays $H \rightarrow WW/ZZ \rightarrow 4$ fermions}",	
      	journal        	= "JHEP",
      	volume         	= "02",
      	pages          	= "080",
      	doi            		= "10.1088/1126-6708/2007/02/080",
      	year           	= "2007",
      	eprint         	= "hep-ph/0611234",
      	archivePrefix	= "arXiv",
      	primaryClass	= "hep-ph",
      	reportNumber 	= "KEK-CP-187, KEK-PREPRINT-2006-47, MPP-2006-138, PSI-PR-06-11, WUB-06-08",
      	SLACcitation 	= "%%CITATION = HEP-PH/0611234;%%",
}

% NLO EW in h->4f

@article{Boselli:2015aha,
      author         		= "Boselli, Stefano and Carloni Calame, Carlo M. and
                        		Montagna, Guido and Nicrosini, Oreste and Piccinini, Fulvio",
      title          		= "{Higgs boson decay into four leptons at NLOPS electroweak accuracy}",
      journal        		= "JHEP",
      volume         	= "06",
      year           		= "2015",
      pages          	= "023",
      doi            		= "10.1007/JHEP06(2015)023",
      eprint         		= "1503.07394",
      archivePrefix  	= "arXiv",
      primaryClass   	= "hep-ph",
      SLACcitation   	= "%%CITATION = ARXIV:1503.07394;%%"
}

% BR uncertainty (also in YR2)

@article{Denner:2011mq,
      	author         	= "Denner, A. and Heinemeyer, S. and Puljak, I. and Rebuzzi, D. and Spira, M.",
      	title          	= "{Standard Model Higgs-boson branching ratios with uncertainties}",
      	journal        	= "Eur. Phys. J. C",
      	volume         	= "71",
      	pages          	= "1753",
      	doi            	= "10.1140/epjc/s10052-011-1753-8",
      	year           	= "2011",
      	eprint         	= "1107.5909",
      	archivePrefix	= "arXiv",
      	primaryClass	= "hep-ph",
      	SLACcitation	= "%%CITATION = ARXIV:1107.5909;%%",
}

% NLO EW for H->gamma+gamma and gg

@article{Actis:2008ts,
      	author         	= "Actis, Stefano and Passarino, Giampiero and Sturm, Christian and Uccirati, Sandro",
    	title     		= "{NNLO computational techniques: The cases $H \rightarrow \gamma\gamma$ and $H \rightarrow gg$}",
      	journal        	= "Nucl. Phys.",
      	volume         	= "B811",
      	pages          	= "182-273",
      	doi            	= "10.1016/j.nuclphysb.2008.11.024",
      	year           	= "2009",
      	eprint         	= "0809.3667",
      	archivePrefix	= "arXiv",
      	primaryClass	= "hep-ph",
      	reportNumber = "PITHA-08-24, SFB-CPP-08-73, TTP08-42",
      	SLACcitation	= "%%CITATION = ARXIV:0809.3667;%%",
}

% -----------
%	PDF		
% -----------

% PDF4LHC WG recommendations

% PDF4LHC prescription 2011

@Article{Botje:2011sn,
     	author    		= "Botje, Michiel and others",
     	title     		= "{The PDF4LHC working group interim recommendations}",
     	year      		= "2011",
     	eprint    		= "1101.0538",
     	archivePrefix	= "arXiv",
     	primaryClass	=  "hep-ph",
     	SLACcitation	= "%%CITATION = 1101.0538;%%"
}

% PDF4LHC WG interim report 2011

@article{Alekhin:2011sk,
      author         		= "Alekhin, Sergey and Alioli, Simone and Ball, Richard D. and Bertone, Valerio and {Bl\"umlein}, Johannes and others",
      title          		= "{The PDF4LHC Working Group Interim Report}",
      year           		= "2011",
      eprint         		= "1101.0536",
      archivePrefix  	= "arXiv",
      primaryClass 	= "hep-ph",
      SLACcitation 	= "%%CITATION = ARXIV:1101.0536;%%",
}

% PDF4LHC prescription 2015

@article{Butterworth:2015oua,
      author         		= "Butterworth, Jon and others",
      title          		= "{PDF4LHC recommendations for LHC Run II}",
      journal        		= "J. Phys. G",
      volume         	= "43",
      year           		= "2016",
      pages          	= "023001",
      doi            		= "10.1088/0954-3899/43/2/023001",
      eprint         		= "1510.03865",
      archivePrefix  	= "arXiv",
      primaryClass   	= "hep-ph",
      reportNumber   	= "OUTP-15-17P, SMU-HEP-15-12, TIF-UNIMI-2015-14, LCTS-2015-27, CERN-PH-TH-2015-249",
      SLACcitation   	= "%%CITATION = ARXIV:1510.03865;%%"
}

% Alternative recommendation 2016

@article{Accardi:2016ndt,
      author         		= "Accardi, A. and others",
      title          		= "{Recommendations for PDF usage in LHC predictions}",
      year           		= "2016",
      eprint         		= "1603.08906",
      archivePrefix  	= "arXiv",
      primaryClass   	= "hep-ph",
      reportNumber   	= "DESY-16-041, DO-TH-16-05, JLAB-THY-16-2231, LTH-1081",
      SLACcitation   	= "%%CITATION = ARXIV:1603.08906;%%"
}

% Individual PDF papers

% CT10 

@article{Lai:2010vv,
      author         		= "Lai, Hung-Liang and Guzzi, Marco and Huston, Joey and Li, Zhao and Nadolsky, Pavel M. and others",
      title          		= "{New parton distributions for collider physics}",
      journal        		= "Phys. Rev.",
      volume         	= "D82",
      pages          	= "074024",
      doi            		= "10.1103/PhysRevD.82.074024",
      year           		= "2010",
      eprint         		= "1007.2241",
      archivePrefix  	= "arXiv",
      primaryClass 	= "hep-ph",
      reportNumber	= "MSUHEP-100707, SMU-HEP-10-10",
      SLACcitation 	= "%%CITATION = ARXIV:1007.2241;%%",
}

% CT14

@article{Dulat:2015mca,
      author         		= "Dulat, Sayipjamal and Hou, Tie-Jiun and Gao, Jun and
                        		Guzzi, Marco and Huston, Joey and Nadolsky, Pavel and
                        		Pumplin, Jon and Schmidt, Carl and Stump, Daniel and Yuan, C. P.",
      title          		= "{New parton distribution functions from a global analysis of quantum chromodynamics}",
      journal        		= "Phys. Rev.",
      volume         	= "D93",
      year           		= "2016",
      pages          	= "033006",
      doi            		= "10.1103/PhysRevD.93.033006",
      eprint         		= "1506.07443",
      archivePrefix  	= "arXiv",
      primaryClass   	= "hep-ph",
      SLACcitation   	= "%%CITATION = ARXIV:1506.07443;%%"
}

% MSTW2008

@article{Martin:2009iq,
      author         		= "Martin, A.D. and Stirling, W.J. and Thorne, R.S. and Watt, G.",
      title          		= "{Parton distributions for the LHC}",
      journal        		= "Eur. Phys. J. C",
      volume         	= "63",
      pages          	= "189-285",
      doi            		= "10.1140/epjc/s10052-009-1072-5",
      year           		= "2009",
      eprint         		= "0901.0002",
      archivePrefix  	= "arXiv",
      primaryClass 	= "hep-ph",
      reportNumber	= "IPPP-08-95, DCPT-08-190, CAVENDISH-HEP-08-16",
      SLACcitation 	= "%%CITATION = ARXIV:0901.0002;%%",
}

% MMHT2014

@article{Harland-Lang:2014zoa,
      author         		= "Harland-Lang, L. A. and Martin, A. D. and Motylinski, P. and Thorne, R. S.",
      title          		= "{Parton distributions in the LHC era: MMHT 2014 PDFs}",
      journal        		= "Eur. Phys. J.",
      volume         	= "C75",
      year           		= "2015",
      pages          	= "204",
      doi            		= "10.1140/epjc/s10052-015-3397-6",
      eprint         		= "1412.3989",
      archivePrefix  	= "arXiv",
      primaryClass   	= "hep-ph",
      reportNumber   	= "LCTS-2014-47, IPPP-14-97, DCPT-14-194",
      SLACcitation   	= "%%CITATION = ARXIV:1412.3989;%%"
}

% NNPDF2.1

@article{Ball:2011mu,
     	author         	= "Ball, Richard D. and Bertone, Valerio and Cerutti, Francesco and Del Debbio, Luigi and Forte, Stefano and others",
      	title          		= "{Impact of heavy quark masses on parton distributions and LHC phenomenology}",
      	journal        	= "Nucl. Phys.",
      	volume         	= "B849",
      	pages          	= "296-363",
      	doi            		= "10.1016/j.nuclphysb.2011.03.021",
      	year           	= "2011",
      	eprint         	= "1101.1300",
      	archivePrefix	= "arXiv",
      	primaryClass 	= "hep-ph",
      	reportNumber 	= "EDINBURGH-2011-01, IFUM-969-FT, FR-PHENO-2010-043, RWTH-TTK-11-02",
      	SLACcitation 	= "%%CITATION = ARXIV:1101.1300;%%",
}

@article{Ball:2011uy,
      author         		= "Ball, Richard D. and Bertone, Valerio and Cerutti,
                        	Francesco and Del Debbio, Luigi and Forte, Stefano and
                        	Guffanti, Alberto and Latorre, Jose I. and Rojo, Juan and
                        	Ubiali, Maria",
      title          		= "{Unbiased global determination of parton distributions and their uncertainties at NNLO and at LO}",
      collaboration  	= "NNPDF",
      journal        		= "Nucl. Phys.",
      volume         	= "B855",
      year           		= "2012",
      pages          	= "153-221",
      doi            		= "10.1016/j.nuclphysb.2011.09.024",
      eprint         		= "1107.2652",
      archivePrefix	= "arXiv",
      primaryClass 	= "hep-ph",
      reportNumber   	= "EDINBURGH-2011-14, IFUM-979-FT, FR-PHENO-2011-010,RWTH-TTK-11-24",
      SLACcitation   	= "%%CITATION = ARXIV:1107.2652;%%"
}


% GJR

@article{Gluck:2007ck,
      	author         	= "{Gl\"uck}, M. and Jimenez-Delgado, P. and Reya, E.",
      	title          	= "{Dynamical parton distributions of the nucleon and very small-x physics}",
      	journal        	= "Eur. Phys. J.",
      	volume         	= "C53",
      	pages          	= "355-366",
      	doi            	= "10.1140/epjc/s10052-007-0462-9",
      	year           	= "2008",
      	eprint         	= "0709.0614",
      	archivePrefix	= "arXiv",
      	primaryClass 	= "hep-ph",
      	reportNumber = "DO-TH-07-06",
      	SLACcitation 	= "%%CITATION = ARXIV:0709.0614;%%",
}

% ABKM 

@article{Alekhin:2009ni,
      	author         	= "Alekhin, S. and {Bl\"umlein}, J. and Klein, S. and Moch, S.",
      	title          		= "{The 3, 4, and 5-flavor NNLO parton from deep-inelastic-scattering data and at hadron colliders}",
      	journal        	= "Phys. Rev. D",
      	volume         	= "81",
      	pages          	= "014032",
      	doi            		= "10.1103/PhysRevD.81.014032",
      	year           	= "2010",
      	eprint         	= "0908.2766",
      	archivePrefix	= "arXiv",
      	primaryClass 	= "hep-ph",
      	reportNumber 	= "DESY-09-102, SFB-CPP-09-072",
      	SLACcitation 	= "%%CITATION = ARXIV:0908.2766;%%",
}

% HERA

@article{:2009wt,
      author         		= "Aaron, F.D. and others",
      title          		= "{Combined measurement and QCD analysis of the inclusive $e^{\pm}p$ scattering cross sections at HERA}",
      collaboration 	= "H1 and ZEUS Collaboration",
      journal        		= "JHEP",
      volume         	= "01",
      pages          	= "109",
      doi            		= "10.1007/JHEP01(2010)109",
      year           		= "2010",
      eprint         		= "0911.0884",
      archivePrefix 	= "arXiv",
      primaryClass 	= "hep-ex",
      reportNumber	= "DESY-09-158",
      SLACcitation 	= "%%CITATION = ARXIV:0911.0884;%%",
}

% Hessian reduction method

@article{Gao:2013bia,
      author         		= "Gao, Jun and Nadolsky, Pavel",
      title          		= "{A meta-analysis of parton distribution functions}",
      journal        		= "JHEP",
      volume         	= "07",
      year           		= "2014",
      pages          	= "035",
      doi            		= "10.1007/JHEP07(2014)035",
      eprint         		= "1401.0013",
      archivePrefix  	= "arXiv",
      primaryClass   	= "hep-ph",
      SLACcitation   	= "%%CITATION = ARXIV:1401.0013;%%"
}

@article{Carrazza:2015aoa,
      author         		= "Carrazza, Stefano and Forte, Stefano and Kassabov, Zahari and Latorre, Jose Ignacio and Rojo, Juan",
      title          		= "{An Unbiased Hessian Representation for Monte Carlo PDFs}",
      journal        		= "Eur. Phys. J.",
      volume         	= "C75",
      year           		= "2015",
      pages          	= "369",
      doi            		= "10.1140/epjc/s10052-015-3590-7",
      eprint         		= "1505.06736",
      archivePrefix  	= "arXiv",
      primaryClass   	= "hep-ph",
      reportNumber   	= "TIF-UNIMI-2015-1, OUTP-15-04P",
      SLACcitation   	= "%%CITATION = ARXIV:1505.06736;%%"
}

% Monte Carlo compression method

@article{Carrazza:2015hva,
      author         		= "Carrazza, Stefano and Latorre, Jos{\'e} I. and Rojo, Juan and Watt, Graeme",
      title          		= "{A compression algorithm for the combination of PDF sets}",
      journal        		= "Eur. Phys. J.",
      volume         	= "C75",
      year           		= "2015",
      pages          	= "474",
      doi            		= "10.1140/epjc/s10052-015-3703-3",
      eprint         		= "1504.06469",
      archivePrefix  	= "arXiv",
      primaryClass   	= "hep-ph",
      reportNumber   	= "TIF-UNIMI-2015-2, OUTP-15-01P, IPPP-15-22, DCPT-15-44",
      SLACcitation   	= "%%CITATION = ARXIV:1504.06469;%%"
}

% Monte Carlo representation of Hessian sets

@article{Watt:2012tq,
      author         		= "Watt, G. and Thorne, R. S.",
      title          		= "{Study of Monte Carlo approach to experimental uncertainty propagation with MSTW 2008 PDFs}",
      journal        		= "JHEP",
      volume         	= "08",
      year           		= "2012",
      pages          	= "052",
      doi            		= "10.1007/JHEP08(2012)052",
      eprint         		= "1205.4024",
      archivePrefix  	= "arXiv",
      primaryClass   	= "hep-ph",
      reportNumber  	 = "CERN-PH-TH-2012-132, LCTS-2012-11",
      SLACcitation   	= "%%CITATION = ARXIV:1205.4024;%%"
}

% -------------------------
%	MSSM Neutral		
% -------------------------

% i) ggF

% NLO massive

% HIGLU 

@article{Spira:1995mt,
      	author         	= "Spira, Michael",
      	title          		= "{HIGLU: A program for the calculation of the total Higgs production cross-section at hadron colliders via gluon fusion including QCD corrections}",
      	year           	= "1995",
      	eprint         	= "hep-ph/9510347",
      	archivePrefix	= "arXiv",
      	primaryClass 	= "hep-ph",
      	reportNumber 	= "DESY-T-95-05",
      	SLACcitation	= "%%CITATION = HEP-PH/9510347;%%",
}

% NNLO Scalar Higgs ... same as SM ggF

% NNLO Pseudo-scalar Higgs

@article{Harlander:2002vv,
      	author         	= "Harlander, Robert V. and Kilgore, William B.",
      	title          		= "{Production of a pseudoscalar Higgs boson at hadron colliders at next-to-next-to leading order}",
      	journal        	= "JHEP",
      	volume         	= "10",
      	pages          	= "017",
      	year           	= "2002",
      	eprint         	= "hep-ph/0208096",
      	archivePrefix	= "arXiv",
      	primaryClass 	= "hep-ph",
      	reportNumber = "BNL-HET-02-17, CERN-TH-2002-186",
      	SLACcitation 	= "%%CITATION = HEP-PH/0208096;%%",
}

@article{Anastasiou:2002wq,
      	author         	= "Anastasiou, Charalampos and Melnikov, Kirill",
      	title          		= "{Pseudoscalar Higgs boson production at hadron colliders in NNLO QCD}",
      	journal        	= "Phys. Rev.",
      	volume         	= "D67",
      	pages          	= "037501",
      	doi            		= "10.1103/PhysRevD.67.037501",
      	year           	= "2003",
      	eprint         	= "hep-ph/0208115",
      	archivePrefix	= "arXiv",
      	primaryClass 	= "hep-ph",
      	reportNumber =	 "SLAC-PUB-9373",
      	SLACcitation 	= "%%CITATION = HEP-PH/0208115;%%",
}

% ii) bb + Higgs

% NLO 4FS

@article{Dawson:2003kb,
      	author         	= "Dawson, S. and Jackson, C.B. and Reina, L. and Wackeroth, D.",
      	title          		= "{Exclusive Higgs boson production with bottom quarks at hadron colliders}",
      	journal        	= "Phys. Rev.",
      	volume         	= "D69",
      	pages          	= "074027",
      	doi            		= "10.1103/PhysRevD.69.074027",
      	year           	= "2004",
      	eprint         	= "hep-ph/0311067",
      	archivePrefix	= "arXiv",
      	primaryClass 	= "hep-ph",
      	reportNumber 	= "BNL-HET-03-17, FSU-HEP-2003-1015, UB-HET-03-05",
      	SLACcitation 	= "%%CITATION = HEP-PH/0311067;%%",
}

@article{Dittmaier:2003ej,
      	author         	= "Dittmaier, Stefan and {Kr\"amer}, Michael and Spira, Michael",
      	title          		= "{Higgs radiation off bottom quarks at the Tevatron and the CERN LHC}",
      	journal        	= "Phys. Rev.",
      	volume         	= "D70",
      	pages          	= "074010",
      	doi            		= "10.1103/PhysRevD.70.074010",
      	year           	= "2004",
      	eprint         	= "hep-ph/0309204",
      	archivePrefix 	= "arXiv",
      	primaryClass 	= "hep-ph",
      	reportNumber = "EDINBURGH-2003-13, MPP-2003-49, PSI-PR-03-14",
      	SLACcitation 	= "%%CITATION = HEP-PH/0309204;%%",
}

@article{Dawson:2005vi,
      author         		= "Dawson, S. and Jackson, C. B. and Reina, L. and Wackeroth, D.",
      title          		= "{Higgs production in association with bottom quarks at hadron colliders}",
      journal        		= "Mod. Phys. Lett.",
      volume         	= "A21",
      year           		= "2006",
      pages          	= "89-110",
      doi            		= "10.1142/S0217732306019256",
      eprint         		= "hep-ph/0508293",
      archivePrefix  	= "arXiv",
      primaryClass 	= "hep-ph",
      SLACcitation 	= "%%CITATION = HEP-PH/0508293;%%"
}

@article{Wiesemann:2014ioa,
      author         		= "Wiesemann, M. and Frederix, R. and Frixione, S. and Hirschi, V. and Maltoni, F. and Torrielli, P.",
      title          		= "{Higgs production in association with bottom quarks}",
      journal        		= "JHEP",
      volume         	= "02",
      year           		= "2015",
      pages          	= "132",
      doi            		= "10.1007/JHEP02(2015)132",
      eprint         		= "1409.5301",
      archivePrefix  	= "arXiv",
      primaryClass   	= "hep-ph",
      reportNumber   	= "CERN-PH-TH-2014-182, CP3-14-64, LPN14-114, MCNET-14-20, ZU-TH-33-14",
      SLACcitation   	= "%%CITATION = ARXIV:1409.5301;%%"
}

% NLO 5FS

@article{Dicus:1998hs,
      author         		= "Dicus, D. and Stelzer, T. and Sullivan, Z. and Willenbrock, S.",
      title          		= "{Higgs boson production in association with bottom quarks at next-to-leading order}",
      journal        		= "Phys. Rev.",
      volume         	= "D59",
      year           		= "1999",
      pages          	= "094016",
      doi            		= "10.1103/PhysRevD.59.094016",
      eprint         		= "hep-ph/9811492",
      archivePrefix  	= "arXiv",
      primaryClass   	= "hep-ph",
      reportNumber   	= "DOE-ER-40757-121, UTEXAS-HEP-98-23, ILL-TH-98-5, ANL-HEP-PR-98-138, EFI-98-57",
      SLACcitation   	= "%%CITATION = HEP-PH/9811492;%%"
}

@article{Balazs:1998sb,
      author         		= "Balazs, Csaba and He, Hong-Jian and Yuan, C. P.",
      title          		= "{QCD corrections to scalar production via heavy quark fusion at hadron colliders}",
      journal        		= "Phys. Rev.",
      volume         	= "D60",
      year           		= "1999",
      pages          	= "114001",
      doi            		= "10.1103/PhysRevD.60.114001",
      eprint         		= "hep-ph/9812263",
      archivePrefix  	= "arXiv",
      primaryClass   	= "hep-ph",
      reportNumber   	= "MSUHEP-81010A",
      SLACcitation   	= "%%CITATION = HEP-PH/9812263;%%"
}

@article{Maltoni:2003pn,
      author         		= "Maltoni, F. and Sullivan, Z. and Willenbrock, S.",
      title          		= "{Higgs-boson production via bottom-quark fusion}",
      journal        		= "Phys. Rev.",
      volume         	= "D67",
      year           		= "2003",
      pages          	= "093005",
      doi            		= "10.1103/PhysRevD.67.093005",
      eprint         		= "hep-ph/0301033",
      archivePrefix  	= "arXiv",
      primaryClass   	= "hep-ph",
      reportNumber   	= "ILL-TH-02-12, RM3-TH-02-21, FERMILAB-PUB-02-341-T",
      SLACcitation   	= "%%CITATION = HEP-PH/0301033;%%"
}

% NNLO 5FS

@article{Harlander:2003ai,
      	author         	= "Harlander, Robert V. and Kilgore, William B.",
      	title          		= "{Higgs boson production in bottom quark fusion at next-to-next-to leading order}",
      	journal        	= "Phys. Rev. D",
      	volume         	= "68",
      	pages          	= "013001",
      	doi            		= "10.1103/PhysRevD.68.013001",
      	year           	= "2003",
      	eprint         	= "hep-ph/0304035",
      	archivePrefix	= "arXiv",
      	primaryClass 	= "hep-ph",
      	reportNumber 	= "BNL-HET-03-4, CERN-TH-2003-067",
      	SLACcitation 	= "%%CITATION = HEP-PH/0304035;%%",
}

% NNLO 5FS differential

@article{Buehler:2012cu,
      author         		= "B{\"u}hler, Stephan and Herzog, Franz and Lazopoulos,  Achilleas and M{\"u}ller, Romain",
      title          		= "{The fully differential hadronic production of a Higgs boson via bottom quark fusion at NNLO}",
      journal        		= "JHEP",
      volume         	= "07",
      year           		= "2012",
      pages          	= "115",
      doi            		= "10.1007/JHEP07(2012)115",
      eprint         		= "1204.4415",
      archivePrefix  	= "arXiv",
      primaryClass   	= "hep-ph",
      SLACcitation   	= "%%CITATION = ARXIV:1204.4415;%%"
}

% NNLO+NNLL 5FS Higgs pT

@article{Harlander:2014hya,
      author         		= "Harlander, Robert V. and Tripathi, Anurag and Wiesemann, Marius",
      title          		= "{Higgs production in bottom quark annihilation: Transverse momentum distribution at NNLO$+$NNLL}",
      journal        		= "Phys. Rev.",
      volume         	= "D90",
      year           		= "2014",
      pages          	= "015017",
      doi            		= "10.1103/PhysRevD.90.015017",
      eprint         		= "1403.7196",
      archivePrefix  	= "arXiv",
      primaryClass   	= "hep-ph",
      reportNumber   	= "WUB-14-02, ZU-TH-12-14, LPN14-057",
      SLACcitation   	= "%%CITATION = ARXIV:1403.7196;%%"
}

% iii) Higgs masses and couplings

@article{Heinemeyer:1998yj,
      	author         	= "Heinemeyer, S. and Hollik, W. and Weiglein, G.",
      	title          		= "{FeynHiggs: A Program for the calculation of the masses of the neutral CP even Higgs bosons in the MSSM}",
      	journal        	= "Comput.Phys.Commun.",
      	volume         	= "124",
      	pages          	= "76-89",
      	doi            		= "10.1016/S0010-4655(99)00364-1",
      	year           	= "2000",
      	eprint         	= "hep-ph/9812320",
      	archivePrefix	= "arXiv",
      	primaryClass	= "hep-ph",
      	reportNumber 	= "KA-TP-16-1998, DESY-98-193, CERN-TH-98-389",
      	SLACcitation	= "%%CITATION = HEP-PH/9812320;%%",
}

@article{Heinemeyer:1998np,
      	author         	= "Heinemeyer, S. and Hollik, W. and Weiglein, G.",
      	title          		= "{The Masses of the neutral $CP$-even Higgs bosons in the MSSM: Accurate analysis at the two loop level}",
      	journal        	= "Eur. Phys. J.",
      	volume         	= "C9",
      	pages          	= "343-366",
      	doi            		= "10.1007/s100529900006",
      	year           	= "1999",
      	eprint         	= "hep-ph/9812472",
      	archivePrefix	= "arXiv",
      	primaryClass 	= "hep-ph",
      	reportNumber = "KA-TP-17-1998, DESY-98-194, CERN-TH-98-405",
      	SLACcitation	= "%%CITATION = HEP-PH/9812472;%%",
}

@article{Degrassi:2002fi,
      	author         	= "Degrassi, G. and Heinemeyer, S. and Hollik, W. and Slavich, P. and Weiglein, G.",
      	title          		= "{Towards high precision predictions for the MSSM Higgs sector}",
      	journal        	= "Eur. Phys. J.",
      	volume         	= "C28",
      	pages          	= "133-143",
      	doi            		= "10.1140/epjc/s2003-01152-2",
      	year           	= "2003",
      	eprint         	= "hep-ph/0212020",
      	archivePrefix	= "arXiv",
      	primaryClass 	= "hep-ph",
      	reportNumber = "DCPT-02-126, IPPP-02-63, LMU-11-02, MPI-PHT-2002-73, RM3-TH-02-19",
      	SLACcitation   = "%%CITATION = HEP-PH/0212020;%%",
}

% Santander matching (also in YR2)

@article{Harlander:2011aa,
      	author         	= "Harlander, Robert V. and Kr{\"a}mer, Michael and Schumacher, Markus",
      	title          		= "{Bottom-quark associated Higgs-boson production: Reconciling the four- and five-flavour scheme approach}",
      	year           	= "2011",
      	eprint         	= "1112.3478",
      	archivePrefix	= "arXiv",
      	primaryClass	= "hep-ph",
      	reportNumber = "CERN-PH-TH-2011-134, FR-PHENO-2011-009, TTK-11-17, WUB-11-04",
      	SLACcitation   = "%%CITATION = ARXIV:1112.3478;%%",
}

% NLO+NLL matching

@article{Bonvini:2015pxa,
      author         		= "Bonvini, Marco and Papanastasiou, Andrew S. and Tackmann, Frank J.",
      title          		= "{Resummation and matching of b-quark mass effects in $b\overline{b}H $ production}",
      journal        		= "JHEP",
      volume         	= "11",
      year           		= "2015",
      pages          	= "196",
      doi            		= "10.1007/JHEP11(2015)196",
      eprint         		= "1508.03288",
      archivePrefix  	= "arXiv",
      primaryClass   	= "hep-ph",
      reportNumber   	= "OUTP-15-16P, DESY-15-137",
      SLACcitation   	= "%%CITATION = ARXIV:1508.03288;%%"
}

@article{Bonvini:2016fgf,
      author         		= "Bonvini, Marco and Papanastasiou, Andrew S. and Tackmann, Frank J.",
      title          		= "{Matched predictions for the $b\bar{b}H$ cross section at the 13 TeV LHC}",
      year           		= "2016",
      eprint         		= "1605.01733",
      archivePrefix  	= "arXiv",
      primaryClass   	= "hep-ph",
      reportNumber   	= "OUTP-16-08P, CAVENDISH-HEP-16-06, DESY-16-076",
      SLACcitation   	= "%%CITATION = ARXIV:1605.01733;%%"
}

% FONLL matching

@article{Forte:2015hba,
      author         		= "Forte, Stefano and Napoletano, Davide and Ubiali, Maria",
      title          		= "{Higgs production in bottom-quark fusion in a matched scheme}",
      journal        		= "Phys. Lett.",
      volume         	= "B751",
      year           		= "2015",
      pages          	= "331-337",
      doi            		= "10.1016/j.physletb.2015.10.051",
      eprint         		= "1508.01529",
      archivePrefix  	= "arXiv",
      primaryClass   	= "hep-ph",
      reportNumber   	= "TIF-UNIMI-2015-12, CAVENDISH-HEP-15-06",
      SLACcitation   	= "%%CITATION = ARXIV:1508.01529;%%"
}

@article{Forte:2016sja,
      author         		= "Forte, Stefano and Napoletano, Davide and Ubiali, Maria",
      title          		= "{Higgs production in bottom-quark fusion: matching beyond leading order}",
      year           		= "2016",
      eprint         		= "1607.00389",
      archivePrefix  	= "arXiv",
      primaryClass   	= "hep-ph",
      reportNumber   	= "TIF-UNIMI-2016-6, IPPP-16-61, CAVENDISH-HEP-16-11",
      SLACcitation   	= "%%CITATION = ARXIV:1607.00389;%%"
}

% ---------------------------
%	MSSM Charged		
% ---------------------------

% bottom gluon fusion

@article{Plehn:2002vy,
      	author         	= "Plehn, Tilman",
      	title          		= "{Charged Higgs boson production in bottom gluon fusion}",
      	journal        	= "Phys. Rev.",
      	volume         	= "D67",
      	pages          	= "014018",
      	doi            		= "10.1103/PhysRevD.67.014018",
      	year           	= "2003",
      	eprint         	= "hep-ph/0206121",
      	archivePrefix	= "arXiv",
      	primaryClass	= "hep-ph",
      	reportNumber = "MADPH-02-1275",
      	SLACcitation 	= "%%CITATION = HEP-PH/0206121;%%",
}

% NLO supersymmetric QCD corrections

@article{Dittmaier:2009np,
      	author         	= "Dittmaier, Stefan and {Kr\"amer}, Michael and Spira, Michael and Walser, Manuel",
      	title          		= "{Charged-Higgs-boson production at the LHC: NLO supersymmetric QCD corrections}",
      	journal        	= "Phys. Rev. D",
      	volume         	= "83",
      	pages          	= "055005",
      	doi            		= "10.1103/PhysRevD.83.055005",
      	year           	= "2011",
      	eprint         	= "0906.2648",
      	archivePrefix	= "arXiv",
      	primaryClass	= "hep-ph",
      	reportNumber 	= "MPP-2009-73, PITHA-09-12, PSI-PR-09-10",
      	SLACcitation	= "%%CITATION = ARXIV:0906.2648;%%",
} 
 
% in association with a top quark 

@article{Weydert:2009vr,
      	author         	= "Weydert, C. and Frixione, S. and Herquet, M. and Klasen, M. and Laenen, E. and others",
      	title          		= "{Charged Higgs boson production in association with a top quark in MC@NLO}",
      	journal        	= "Eur. Phys. J.",
      	volume         	= "C67",
      	pages          	= "617-636",
      	doi            		= "10.1140/epjc/s10052-010-1320-8",
      	year           	= "2010",
      	eprint         	= "0912.3430",
      	archivePrefix	= "arXiv",
      	primaryClass	= "hep-ph",
      	reportNumber 	= "LPSC-09-188, NIKHEF-2009-013, ITFA-2009-21, FERMILAB-PUB-09-626-T, IPPP-09-95, DCPT-09-190, CERN-TH-2009-251, ITF-UU-09-32",
      	SLACcitation   	= "%%CITATION = ARXIV:0912.3430;%%",
}

% Improved prediction

@article{Flechl:2014wfa,
      author         		= "Flechl, Martin and Klees, Richard and Kramer, Michael and Spira, Michael and Ubiali, Maria",
      title          		= "{Improved cross-section predictions for heavy charged Higgs boson production at the LHC}",
      journal        		= "Phys. Rev.",
      volume         	= "D91",
      year           		= "2015",
      pages          	= "075015",
      doi            		= "10.1103/PhysRevD.91.075015",
      eprint         		= "1409.5615",
      archivePrefix  	= "arXiv",
      primaryClass   	= "hep-ph",
      reportNumber   	= "TTK-14-20, SLAC-PUB-16077, PSI-PR-14-10,
                        		CAVENDISH-HEP-14-09, DAMTP-2014-54, --DAMTP-2014-54, --DAMTP-2014-54",
      SLACcitation   	= "%%CITATION = ARXIV:1409.5615;%%"
}

% Heavy charged Higgs

@article{Degrande:2015vpa,
      author         		= "Degrande, Celine and Ubiali, Maria and Wiesemann, Marius and Zaro, Marco",
      title          		= "{Heavy charged Higgs boson production at the LHC}",
      journal        		= "JHEP",
      volume         	= "10",
      year           		= "2015",
      pages          	= "145",
      doi            		= "10.1007/JHEP10(2015)145",
      eprint         		= "1507.02549",
      archivePrefix  	= "arXiv",
      primaryClass   	= "hep-ph",
      reportNumber   	= "IPPP-15-41, DCPT-15-82, MCNET-15-17, CAVENDISH-HEP-15-04, ZU-TH-18-15",
      SLACcitation   	= "%%CITATION = ARXIV:1507.02549;%%"
}

% NLO QCD in intermediate mass range

@article{Degrande:2016hyf,
      author         		= "Degrande, Celine and Frederix, Rikkert and Hirschi, Valentin and Ubiali, Maria and Wiesemann, Marius and Zaro, Marco",
      title          		= "{Accurate predictions for charged Higgs production: closing the $m_{H^{\pm}}\sim m_t$ window}",
      year           		= "2016",
      eprint         		= "1607.05291",
      archivePrefix  	= "arXiv",
      primaryClass   	= "hep-ph",
      reportNumber   	= "CAVENDISH-HEP-16-12, IPPP-16-62, SLAC-PUB-16769, TUM-HEP-1055-16, --ZH-TH-25-16",
      SLACcitation   	= "%%CITATION = ARXIV:1607.05291;%%"
}

% --- SM Processes 

% ---------------------------
%	pp -> VV
% ---------------------------

% pp->ZZ NNLO QCD

@article{Cascioli:2014yka,
      author         		= "Cascioli, F. and Gehrmann, T. and Grazzini, M. and Kallweit, S. and Maierh{\"o}fer, P. and von Manteuffel, A.
                        		and Pozzorini, S. and Rathlev, D. and Tancredi, L. and Weihs, E.",
      title          		= "{$ZZ$ production at hadron colliders in NNLO QCD}",
      journal        		= "Phys. Lett.",
      volume         	= "B735",
      year           		= "2014",
      pages          	= "311-313",
      doi            		= "10.1016/j.physletb.2014.06.056",
      eprint         		= "1405.2219",
      archivePrefix  	= "arXiv",
      primaryClass   	= "hep-ph",
      reportNumber   	= "ZU-TH-19-14, MITP-14-033",
      SLACcitation   	= "%%CITATION = ARXIV:1405.2219;%%"
}

@article{Grazzini:2015hta,
      author         		= "Grazzini, Massimiliano and Kallweit, Stefan and Rathlev, Dirk",
      title          		= "{$ZZ$ production at the LHC: fiducial cross sections and distributions in NNLO QCD}",
      journal        		= "Phys. Lett.",
      volume         	= "B750",
      year           		= "2015",
      pages          	= "407-410",
      doi            		= "10.1016/j.physletb.2015.09.055",
      eprint         		= "1507.06257",
      archivePrefix  	= "arXiv",
      primaryClass   	= "hep-ph",
      SLACcitation   	= "%%CITATION = ARXIV:1507.06257;%%"
}

% pp->WZ NNLO QCD

@article{Grazzini:2016swo,
      author         		= "Grazzini, Massimiliano and Kallweit, Stefan and Rathlev, Dirk and Wiesemann, Marius",
      title          		= "{$W^{\pm}Z$ production at hadron colliders in NNLO QCD}",
      year           		= "2016",
      eprint         		= "1604.08576",
      archivePrefix  	= "arXiv",
      primaryClass   	= "hep-ph",
      reportNumber   	= "ZU-TH-15-16, MITP-16-037, NSF-KITP-16-046, DESY-16-074",
      SLACcitation   	= "%%CITATION = ARXIV:1604.08576;%%"
}

% pp->WW NNLO QCD

@article{Gehrmann:2014fva,
      author         		= "Gehrmann, T. and Grazzini, M. and Kallweit, S. and Maierh{\"o}fer, P. and von Manteuffel, A. and Pozzorini, S. and Rathlev, D. and Tancredi, L.",
      title          		= "{$W^+W^-$ Production at Hadron Colliders in Next to Next to Leading Order QCD}",
      journal        		= "Phys. Rev. Lett.",
      volume         	= "113",
      year           		= "2014",
      pages          	= "212001",
      doi            		= "10.1103/PhysRevLett.113.212001",
      eprint         		= "1408.5243",
      archivePrefix  	= "arXiv",
      primaryClass   	= "hep-ph",
      reportNumber   	= "ZU-TH-29-14, MITP-14-053",
      SLACcitation   	= "%%CITATION = ARXIV:1408.5243;%%"
}

@article{Grazzini:2016ctr,
      author         		= "Grazzini, Massimiliano and Kallweit, Stefan and Pozzorini, Stefano and Rathlev, Dirk and Wiesemann, 	Marius",
      title          		= "{$W^+W^-$ production at the LHC: fiducial cross sections and distributions in NNLO QCD}",
      year           		= "2016",
      eprint         		= "1605.02716",
      archivePrefix  	= "arXiv",
      primaryClass   	= "hep-ph",
      reportNumber   	= "ZU-TH-16-16, MITP-16-038, NSF-KITP-16-047, DESY-16-075",
      SLACcitation   	= "%%CITATION = ARXIV:1605.02716;%%"
}

% pp->W+gamma, Z+gamma NNLO QCD

@article{Grazzini:2013bna,
      author         		= "Grazzini, Massimiliano and Kallweit, Stefan and Rathlev, Dirk and Torre, Alessandro",
      title          		= "{$Z\gamma$ production at hadron colliders in NNLO QCD}",
      journal        		= "Phys. Lett.",
      volume         	= "B731",
      year           		= "2014",
      pages          	= "204-207",
      doi            		= "10.1016/j.physletb.2014.02.037",
      eprint         		= "1309.7000",
      archivePrefix  	= "arXiv",
      primaryClass   	= "hep-ph",
      reportNumber   	= "ZU-TH-21-13",
      SLACcitation   	= "%%CITATION = ARXIV:1309.7000;%%"
}

@article{Grazzini:2015nwa,
      author         		= "Grazzini, Massimiliano and Kallweit, Stefan and Rathlev, Dirk",
      title          		= "{$W\gamma$ and $Z\gamma$ production at the LHC in NNLO QCD}",
      journal        		= "JHEP",
      volume         	= "07",
      year           		= "2015",
      pages          	= "085",
      doi            		= "10.1007/JHEP07(2015)085",
      eprint         		= "1504.01330",
      archivePrefix  	= "arXiv",
      primaryClass   	= "hep-ph",
      reportNumber   	= "ZU-TH-04-15, MITP-15-021",
      SLACcitation   	= "%%CITATION = ARXIV:1504.01330;%%"
}

% pp->gamma+gamma NNLO QCD

@article{Catani:2011qz,
      author         		= "Catani, Stefano and Cieri, Leandro and de Florian, Daniel and Ferrera, Giancarlo and Grazzini, Massimiliano",
      title          		= "{Diphoton production at hadron colliders: a fully-differential QCD calculation at NNLO}",
      journal        		= "Phys. Rev. Lett.",
      volume         	= "108",
      year           		= "2012",
      pages          	= "072001",
      doi            		= "10.1103/PhysRevLett.108.072001",
      eprint         		= "1110.2375",
      archivePrefix  	= "arXiv",
      primaryClass   	= "hep-ph",
      reportNumber   	= "ZU-TH-18-11, IFUM-984-FT",
      SLACcitation   	= "%%CITATION = ARXIV:1110.2375;%%"
}

@article{Campbell:2016yrh,
      author         		= "Campbell, John M. and Ellis, R. Keith and Li, Ye and Williams, Ciaran",
      title          		= "{Predictions for diphoton production at the LHC through NNLO in QCD}",
      year           		= "2016",
      eprint         		= "1603.02663",
      archivePrefix  	= "arXiv",
      primaryClass   	= "hep-ph",
      reportNumber   	= "IPPP-16-16, FERMILAB-PUB-16-074-T",
      SLACcitation   	= "%%CITATION = ARXIV:1603.02663;%%"
}

% Resummation in pp->VV

@article{Grazzini:2015wpa,
      author         		= "Grazzini, Massimiliano and Kallweit, Stefan and Rathlev, Dirk and Wiesemann, Marius",
      title          		= "{Transverse-momentum resummation for vector-boson pair production at NNLL+NNLO}",
      journal        		= "JHEP",
      volume         	= "08",
      year           		= "2015",
      pages          	= "154",
      doi            		= "10.1007/JHEP08(2015)154",
      eprint         		= "1507.02565",
      archivePrefix  	= "arXiv",
      primaryClass   	= "hep-ph",
      reportNumber   	= "ZU-TH-20-15, MITP-15-051",
      SLACcitation   	= "%%CITATION = ARXIV:1507.02565;%%"
}

@article{Dawson:2016ysj,
      author         		= "Dawson, S. and Jaiswal, P. and Li, Ye and Ramani, H. and Zeng, Mao",
      title          		= "{Resummation of Jet Veto Logarithms at N$^3$LL$_a$ + NNLO for $W^+ W^-$ production at the LHC}",
      year           		= "2016",
      eprint         		= "1606.01034",
      archivePrefix  	= "arXiv",
      primaryClass   	= "hep-ph",
      reportNumber   	= "YITP-SB-16-24, FERMILAB-PUB-16-210-PPD-T",
      SLACcitation   	= "%%CITATION = ARXIV:1606.01034;%%"
}

% NLO EW 

%	pp -> ZZ (eemumu only)

@article{Biedermann:2016yvs,
      author         		= "Biedermann, B. and Denner, A. and Dittmaier, S. and Hofer, L. and J{\"a}ger, B.",
      title          		= "{Electroweak corrections to $pp \to \mu^+\mu^- e^+ e^- + X$ at the LHC: a Higgs background study}",
      journal        		= "Phys. Rev. Lett.",
      volume         	= "116",
      year           		= "2016",
      pages          	= "161803",
      doi            		= "10.1103/PhysRevLett.116.161803",
      eprint         		= "1601.07787",
      archivePrefix  	= "arXiv",
      primaryClass   	= "hep-ph",
      reportNumber   	= "FR-PHENO-2016-002, ICCUB-16-003",
      SLACcitation   	= "%%CITATION = ARXIV:1601.07787;%%"
}

% 	pp -> WW

@article{Biedermann:2016guo,
      author         		= "Biedermann, Benedikt and Billoni, Marina and Denner,
                        		Ansgar and Dittmaier, Stefan and Hofer, Lars and J{\"a}ger, Barbara and Salfelder, Lukas",
      title          		= "{Next-to-leading-order electroweak corrections to $pp \to W^+W^- \to $ 4 leptons at the LHC}",
      journal        		= "JHEP",
      volume         	= "06",
      year           		= "2016",
      pages          	= "065",
      doi            		= "10.1007/JHEP06(2016)065",
      eprint         		= "1605.03419",
      archivePrefix  	= "arXiv",
      primaryClass   	= "hep-ph",
      reportNumber   	= "FR-PHENO-2016-005, ICCUB-16-021",
      SLACcitation   	= "%%CITATION = ARXIV:1605.03419;%%"
}

% 	pp -> Z+gamma (Z->ll,vv)

@article{Denner:2015fca,
      author         		= "Denner, Ansgar and Dittmaier, Stefan and Hecht, Markus and Pasold, Christian",
      title          		= "{NLO QCD and electroweak corrections to $Z+\gamma$ production with leptonic $Z$-boson decays}",
      journal        		= "JHEP",
      volume         	= "02",
      year           		= "2016",
      pages          	= "057",
      doi            		= "10.1007/JHEP02(2016)057",
      eprint         		= "1510.08742",
      archivePrefix  	= "arXiv",
      primaryClass   	= "hep-ph",
      reportNumber   	= "FR-PHENO-2015-012",
      SLACcitation   	= "%%CITATION = ARXIV:1510.08742;%%"
}

% 	pp -> W+gamma (W->lv)

@article{Denner:2014bna,
      author         		= "Denner, Ansgar and Dittmaier, Stefan and Hecht, Markus and Pasold, Christian",
      title          		= "{NLO QCD and electroweak corrections to $W+\gamma$ production with leptonic $W$-boson decays}",
      journal        		= "JHEP",
      volume         	= "04",
      year           		= "2015",
      pages          	= "018",
      doi            		= "10.1007/JHEP04(2015)018",
      eprint         		= "1412.7421",
      archivePrefix  	= "arXiv",
      primaryClass   	= "hep-ph",
      reportNumber   	=	 "FR-PHENO-2014-014",
      SLACcitation   	= "%%CITATION = ARXIV:1412.7421;%%"
}

% ---------------------------
%	gg -> VV
% ---------------------------

% gg->ZZ NLO

@article{Caola:2015psa,
      author         		= "Caola, Fabrizio and Melnikov, Kirill and R{\"o}ntsch, Raoul and Tancredi, Lorenzo",
      title          		= "{QCD corrections to ZZ production in gluon fusion at the LHC}",
      journal        		= "Phys. Rev.",
      volume         	= "D92",
      year           		= "2015",
      pages          	= "094028",
      doi            		= "10.1103/PhysRevD.92.094028",
      eprint         		= "1509.06734",
      archivePrefix  	= "arXiv",
      primaryClass   	= "hep-ph",
      reportNumber   	= "TTP15-035, CERN-PH-TH-2015-226, FERMILAB-PUB-15-398-T",
      SLACcitation   	= "%%CITATION = ARXIV:1509.06734;%%"
}

@article{Campbell:2016ivq,
      author         		= "Campbell, John M. and Ellis, R. Keith and Czakon, Michal and Kirchner, Sebastian",
      title          		= "{Two Loop Correction to Interference in $gg \to ZZ$}",
      year           		= "2016",
      eprint         		= "1605.01380",
      archivePrefix  	= "arXiv",
      primaryClass   	= "hep-ph",
      reportNumber   	= "FERMILAB-PUB-16-113-T, IPPP-16-28, TTK-16-12",
      SLACcitation   	= "%%CITATION = ARXIV:1605.01380;%%"
}

% gg->WW NLO

@article{Caola:2015rqy,
      author         		= "Caola, Fabrizio and Melnikov, Kirill and R{\"o}ntsch, Raoul and Tancredi, Lorenzo",
      title          		= "{QCD corrections to $W^+W^-$ production through gluon fusion}",
      journal        		= "Phys. Lett.",
      volume         	= "B754",
      year           		= "2016",
      pages          	= "275-280",
      doi            		= "10.1016/j.physletb.2016.01.046",
      eprint         		= "1511.08617",
      archivePrefix  	= "arXiv",
      primaryClass   	= "hep-ph",
      reportNumber   	= "CERN-PH-TH-2015-276, TTP15-041",
      SLACcitation   	= "%%CITATION = ARXIV:1511.08617;%%"
}


% Interference effect - width constraint in gg->VV

@article{Kauer:2012hd,
      author         		= "Kauer, Nikolas and Passarino, Giampiero",
      title          		= "{Inadequacy of zero-width approximation for a light Higgs boson signal}",
      journal        		= "JHEP",
      volume         	= "08",
      year           		= "2012",
      pages          	= "116",
      doi            		= "10.1007/JHEP08(2012)116",
      eprint         		= "1206.4803",
      archivePrefix  	= "arXiv",
      primaryClass   	= "hep-ph",
      SLACcitation   	= "%%CITATION = ARXIV:1206.4803;%%"
}

@article{Bonvini:2013jha,
      author         		= "Bonvini, Marco and Caola, Fabrizio and Forte, Stefano and Melnikov, Kirill and Ridolfi, Giovanni",
      title          		= "{Signal-background interference effects for $gg \to H \to W^+W^-$ beyond leading order}",
      journal        		= "Phys. Rev.",
      volume         	= "D88",
      year           		= "2013",
      pages          	= "034032",
      doi            		= "10.1103/PhysRevD.88.034032",
      eprint         		= "1304.3053",
      archivePrefix  	= "arXiv",
      primaryClass   	= "hep-ph",
      reportNumber   	= "DESY-13-059, IFUM-1011-FT",
      SLACcitation   	= "%%CITATION = ARXIV:1304.3053;%%"
}

@article{Caola:2013yja,
      author         		= "Caola, Fabrizio and Melnikov, Kirill",
      title          		= "{Constraining the Higgs boson width with ZZ production at the LHC}",
      journal        		= "Phys. Rev.",
      volume         	= "D88",
      year           		= "2013",
      pages          	= "054024",
      doi            		= "10.1103/PhysRevD.88.054024",
      eprint         		= "1307.4935",
      archivePrefix  	= "arXiv",
      primaryClass   	= "hep-ph",
      SLACcitation   	= "%%CITATION = ARXIV:1307.4935;%%"
}

@article{Campbell:2013una,
      author         		= "Campbell, John M. and Ellis, R. Keith and Williams, Ciaran",
      title          		= "{Bounding the Higgs width at the LHC using full analytic results for $gg \to e^- e^+ \mu^- \mu^+$}",
      journal        		= "JHEP",
      volume         	= "04",
      year           		= "2014",
      pages          	= "060",
      doi            		= "10.1007/JHEP04(2014)060",
      eprint         		= "1311.3589",
      archivePrefix  	= "arXiv",
      primaryClass   	= "hep-ph",
      reportNumber   	= "FERMILAB-PUB-13-508-T",
      SLACcitation   	= "%%CITATION = ARXIV:1311.3589;%%"
}

@article{Campbell:2013wga,
      author         		= "Campbell, John M. and Ellis, R. Keith and Williams, Ciaran",
      title          		= "{Bounding the Higgs width at the LHC: Complementary results from $H \to WW$}",
      journal        		= "Phys. Rev.",
      volume         	= "D89",
      year           		= "2014",
      pages          	= "053011",
      doi            		= "10.1103/PhysRevD.89.053011",
      eprint         		= "1312.1628",
      archivePrefix  	= "arXiv",
      primaryClass   	= "hep-ph",
      reportNumber   	= "FERMILAB-PUB-13-553-T",
      SLACcitation   	= "%%CITATION = ARXIV:1312.1628;%%"
}

@article{Campbell:2014gua,
      author         		= "Campbell, John M. and Ellis, R. Keith and Furlan, Elisabetta and R{\"o}ntsch, Raoul",
      title          		= "{Interference effects for Higgs boson mediated $Z$-pair plus jet production}",
      journal        		= "Phys. Rev.",
      volume         	= "D90",
      year           		= "2014",
      pages          	= "093008",
      doi            		= "10.1103/PhysRevD.90.093008",
      eprint         		= "1409.1897",
      archivePrefix  	= "arXiv",
      primaryClass   	= "hep-ph",
      reportNumber   	= "FERMILAB-PUB-14-315-T",
      SLACcitation   	= "%%CITATION = ARXIV:1409.1897;%%"
}

% gg->VV NLO

@article{Caola:2016trd,
      author         		= "Caola, Fabrizio and Dowling, Matthew and Melnikov, Kirill and R{\"o}ntsch, Raoul and Tancredi, Lorenzo",
      title          		= "{QCD corrections to vector boson pair production in gluon fusion including interference effects with off-shell Higgs at the LHC}",
      year           		= "2016",
      eprint         		= "1605.04610",
      archivePrefix  	= "arXiv",
      primaryClass   	= "hep-ph",
      reportNumber   	= "TTP-16-017, CERN-TH-2016-119",
      SLACcitation   	= "%%CITATION = ARXIV:1605.04610;%%"
}

% VBF 

@article{Campbell:2015vwa,
      author         		= "Campbell, John M. and Ellis, R. Keith",
      title          		= "{Higgs Constraints from Vector Boson Fusion and Scattering}",
      journal        		= "JHEP",
      volume         	= "04",
      year           		= "2015",
      pages          	= "030",
      doi            		= "10.1007/JHEP04(2015)030",
      eprint         		= "1502.02990",
      archivePrefix  	= "arXiv",
      primaryClass   	= "hep-ph",
      reportNumber   	= "FERMILAB-PUB-15-030-T",
      SLACcitation   	= "%%CITATION = ARXIV:1502.02990;%%"
}

@article{Butterworth:2008iy,
      author         = "Butterworth, Jonathan M. and Davison, Adam R. and Rubin,
                        Mathieu and Salam, Gavin P.",
      title          = "{Jet Substructure as a New Higgs Search Channel at the
                        Large Hadron Collider}",
      journal        = "Phys. Rev. Lett.",
      volume         = "100",
      year           = "2008",
      pages          = "242001",
      doi            = "10.1103/PhysRevLett.100.242001",
      eprint         = "0802.2470",
      archivePrefix  = "arXiv",
      primaryClass   = "hep-ph",
      SLACcitation   = "%%CITATION = ARXIV:0802.2470;%%"
}


