@article{Adye:2011:RooUnfold,
  author        = {Adye, T.},
  title         = {Unfolding algorithms and tests using RooUnfold},
  year          = {2011},
  month         = {May},
  eprint        = {1105.1160},
  archiveprefix = {arXiv},
  primaryclass  = {physics.data-an}
}

@article{Agostinelli:2003:GEANT4,
  author        = {Agostinelli, S. and others},
  collaboration = {GEANT4},
  title         = {GEANT4: A simulation toolkit},
  year          = {2003},
  journal       = {Nucl. Instrum. Meth.},
  volume        = {A506},
  pages         = {250--303},
  slaccitation  = {%%CITATION = NUIMA,A506,250;%%}
}
  
@article{Alioli:2010:NLOPowheg,
  author        = {Alioli, Simone and Nason, Paolo and Oleari, Carlo and Re, Emanuele},
  title         = {A general framework for implementing NLO calculations in shower Monte Carlo programs: the POWHEG BOX},
  year          = {2010},
  journal       = {JHEP},
  volume        = {1006},
  pages         = {043},
  eprint        = {1002.2581},
  archiveprefix = {arXiv},
  primaryclass  = {hep-ph}
}

@article{Altarelli:1977:DGLAP,
  author       = {Altarelli, Guido and Parisi, G.},
  title        = {Asymptotic Freedom in Parton Language},
  year         = {1977},
  journal      = {Nucl. Phys.},
  volume       = {B126},
  pages        = {298},
  doi          = {10.1016/0550-3213(77)90384-4},
  slaccitation = {%%CITATION = NUPHA,B126,298;%%}
}

@article{Andersen:2009:Factorisation,
  author    = {Andersen, Jeppe R. and Smillie, Jennifer M.},
  title     = {Factorization of the $t$-channel pole in quark-gluon scattering},
  year      = {2010},
  journal   = {Phys. Rev.},
  volume    = {D81},
  pages     = {114021},
  issue     = {11},
  doi       = {10.1103/PhysRevD.81.114021},
  publisher = {American Physical Society}
}

@article{Andersen:2010:AllOrderCorrections,
  author        = {Andersen, Jeppe R. and Smillie, Jennifer M.},
  title         = {Constructing All-Order Corrections to Multi-Jet Rates},
  year          = {2010},
  journal       = {JHEP},
  volume        = {01},
  pages         = {039},
  eprint        = {0908.2786},
  archiveprefix = {arXiv},
  primaryclass  = {hep-ph},
  doi           = {10.1007/JHEP01(2010)039},
  slaccitation  = {%%CITATION = 0908.2786;%%}
}

@article{Andersen:2010:MultipleHardJets,
  author        = {Andersen, Jeppe R. and Smillie, Jennifer M.},
  title         = {High Energy Description of Processes with Multiple Hard Jets},
  year          = {2010},
  journal       = {Nucl.Phys.Proc.Suppl.},
  volume        = {205--206},
  pages         = {205--210},
  eprint        = {1007.4449},
  archiveprefix = {arXiv},
  primaryclass  = {hep-ph},
  doi           = {10.1016/j.nuclphysbps.2010.08.044},
  reportnumber  = {CERN-PH-TH-2010-167},
  slaccitation  = {%%CITATION = ARXIV:1007.4449;%%}
}

@article{Andersen:2011:HEJShowered,
  author        = {Andersen, J. R. and Lonnblad, L. and Smillie, J. M.},
  title         = {A Parton Shower for High Energy Jets},
  year          = {2011},
  journal       = {JHEP},
  volume        = {1107},
  pages         = {110},
  eprint        = {1104.1316},
  archiveprefix = {arXiv},
  primaryclass  = {hep-ph},
  doi           = {10.1007/JHEP07(2011)110},
  reportnumber  = {CERN-PH-TH-2011-072, CP3-ORIGINS-2011-14, EDINBURGH-2011-16, LU-TP-11-15, MCNET-11-12},
  slaccitation  = {%%CITATION = ARXIV:1104.1316;%%}
}

@article{Andrieu:1993:H1PionCalibration,
  author        = {B. Andrieu and others},
  collaboration = {H1},
  title         = {Results from pion calibration runs for the H1 liquid Argon calorimeter and comparisons with simulations},
  year          = {1993},
  journal       = {Nucl. Instrum. Meth.},
  volume        = {A336},
  pages         = {499}
}


@article{ATLAS:2010:simulation,
  author        = {Aad, G. and others},
  collaboration = {ATLAS},
  title         = {The ATLAS Simulation Infrastructure},
  year          = {2010},
  journal       = {Eur. Phys. J.},
  volume        = {C70},
  pages         = {823--874},
  eprint        = {1005.4568},
  archiveprefix = {arXiv},
  primaryclass  = {physics.ins-det},
  slaccitation  = {%%CITATION = 1005.4568;%%}
}

@techreport{ATLAS-CONF-2010-009,
  author        = {Aad, G. and others},
  collaboration = {ATLAS},
  title         = {Estimating Track Momentum Resolution in Minimum Bias Events using Simulation and $K_S^0$ in $\sqrt{s}=\unit{900}{\GeV}$ Collision Data},
  year          = {2010},
  institution   = {CERN},
  address       = {Geneva},
  number        = {ATLAS-CONF-2010-009}
}

@techreport{ATLAS-CONF-2010-028,
  author        = {Aad, G. and others},
  collaboration = {ATLAS},
  title         = {Performance of the ATLAS jet trigger with pp collisions at $\sqrt{s}=900$GeV},
  year          = {2010},
  institution   = {CERN},
  address       = {Geneva},
  number        = {ATLAS-CONF-2010-028}
}

@techreport{ATLAS-CONF-2010-031,
  author        = {Aad, G. and others},
  collaboration = {ATLAS},
  title         = {Charged particle multiplicities in pp interactions at $\sqrt{s}=\unit{900}{\GeV}$ and \unit{7}{\TeV} in a diffractive limited phase-space measured with the ATLAS detector at the LHC and new PYTHIA6 tune},
  year          = {2010},
  institution   = {CERN},
  address       = {Geneva},
  number        = {ATLAS-CONF-2010-031}
}

@techreport{ATLAS-CONF-2010-038,
  author        = {Aad, G. and others},
  collaboration = {ATLAS},
  title         = {Data-Quality Requirements and Event Cleaning for Jets and Missing Transverse Energy Reconstruction with the ATLAS Detector in Proton-Proton Collisions at a Center of Mass Energy $\sqrt{s}=\unit{7}{\TeV}$},
  year          = {2010},
  institution   = {CERN},
  address       = {Geneva},
  number        = {ATLAS-CONF-2010-038}
}

@techreport{ATLAS-CONF-2010-050,
  author        = {Aad, G. and others},
  collaboration = {ATLAS},
  title         = {Measurement of jet production in proton-proton collisions at \unit{7}{\TeV} centre-of-mass energy with the ATLAS Detector},
  year          = {2010},
  institution   = {CERN},
  address       = {Geneva},
  number        = {ATLAS-CONF-2010-050}
}

@techreport{ATLAS-CONF-2010-054,
  author        = {Aad, G. and others},
  collaboration = {ATLAS},
  title         = {Jet energy resolution and selection efficiency relative to track jets from in-situ techniques with the ATLAS Detector Using Proton-Proton Collisions at a Center of Mass Energy $\sqrt{s} = \unit{7}{\TeV}$},
  year          = {2010},
  institution   = {CERN},
  address       = {Geneva},
  number        = {ATLAS-CONF-2010-054}
}

@techreport{ATLAS-CONF-2010-056,
  author        = {Aad, G. and others},
  collaboration = {ATLAS},
  title         = {Jet energy scale and its systematic uncertainty for jets produced in proton-proton collisions at $\sqrt{s}=\unit{7}{\TeV}$ and measured with the ATLAS detector},
  year          = {2010},
  institution   = {CERN},
  address       = {Geneva},
  number        = {ATLAS-CONF-2010-056}
}

@techreport{ATLAS-CONF-2011-011,
  author        = {Aad, G. and others},
  collaboration = {ATLAS},
  title         = {Updated Luminosity Determination in pp Collisions at $\sqrt{s}=\unit{7}{\TeV}$ using the ATLAS Detector},
  year          = {2011},
  institution   = {CERN},
  address       = {Geneva},
  number        = {ATLAS-CONF-2011-011}
}

@techreport{ATLAS-CONF-2011-014,
  author        = {Aad, G. and others},
  collaboration = {ATLAS},
  title         = {In-situ pseudorapidity intercalibration for evaluation of jet energy scale uncertainty using dijet events in proton-proton collisions at $\sqrt{s}=\unit{7}{\TeV}$},
  year          = {2011},
  institution   = {CERN},
  address       = {Geneva},
  number        = {ATLAS-CONF-2011-014}
}

@techreport{ATLAS-LARG-PUB-2008-002,
  author        = {Lampl, W and others},
  collaboration = {ATLAS},
  title         = {Calorimeter Clustering algorithms: Description and Performance},
  year          = {2008},
  institution   = {CERN},
  address       = {Geneva},
  number        = {ATLAS-LARG-PUB-2008-002}
}

@article{ATLAS-STDM-2010-06,
  author        = {Aad, G. and others},
  collaboration = {ATLAS},
  title         = {Charged-particle multiplicities in pp interactions at $\sqrt{s}=\unit{900}{\GeV}$ measured with the ATLAS detector at the LHC},
  year          = {2010},
  journal       = {Phys. Lett.},
  volume        = {B688},
  pages         = {21--42},
  eprint        = {1003.3124},
  archiveprefix = {arXiv},
  primaryclass  = {hep-ex},
  slaccitation  = {%%CITATION = 1003.3124;%%}
}

@techreport{ATLAS-PHYS-PUB-2010-014,
  author        = {Aad, G. and others},
  collaboration = {ATLAS},
  title         = {First tuning of HERWIG/JIMMY to ATLAS data},
  year          = {2010},
  institution   = {CERN},
  address       = {Geneva},
  number        = {ATL-PHYS-PUB-2010-014}
}

@article{Bahr:2008:Herwigpp,
  author        = {Bahr, M. and others},
  title         = {Herwig++ Physics and Manual},
  year          = {2008},
  journal       = {Eur. Phys. J.},
  volume        = {C58},
  pages         = {639--707},
  eprint        = {0803.0883},
  archiveprefix = {arXiv},
  primaryclass  = {hep-ph},
  slaccitation  = {%%CITATION = HEP-PH/0803.0883;%%}
}

@article{Balitsky:1978:BFKL,
  author       = {Balitsky, I. I. and Lipatov, L. N.},
  title        = {The Pomeranchuk Singularity in Quantum Chromodynamics},
  journal      = {Sov. J. Nucl. Phys.},
  volume       = {28},
  year         = {1978},
  pages        = {822--829},
  slaccitation = {%%CITATION = SJNCA,28,822;%%}
}

@article{Bjorken:1969:scaling,
  author  = {Bjorken, J. D.},
  title   = {Asymptotic Sum Rules at Infinite Momentum},
  journal = {Phys. Rev.},
  volume  = {179},
  year    = {1969},
  pages   = 1547
}

@misc{Buckley:2010:hepthesis,
  author    = {Buckley, Andy},
  title     = {A class for typesetting academic theses},
  url       = {http://ctan.tug.org/tex-archive/macros/latex/contrib/hepthesis/hepthesis.pdf},
  year      = {2010},
  pages     = {1--33},
  publisher = {CTAN}
}

@article{Buttar:2008:toolsandjets,
  author        = {Buttar, C. and D'Hondt, J. and Kramer, M. and Salam, G. and Wobisch, M. and others},
  title         = {Standard Model Handles and Candles Working Group: Tools and Jets Summary Report},
  year          = {2008},
  pages         = {121--214},
  eprint        = {0803.0678},
  archiveprefix = {arXiv},
  primaryclass  = {hep-ph},
  slaccitation  = {%%CITATION = ARXIV:0803.0678;%%}
}

@article{Butterworth:1996:JIMMY,
  author        = {Butterworth, J. M. and Forshaw, Jeffrey R. and Seymour, M. H.},
  title         = {Multiparton interactions in photoproduction at HERA},
  year          = {1996},
  journal       = {Z. Phys.},
  volume        = {C72},
  pages         = {637--646},
  eprint        = {9601371},
  archiveprefix = {arXiv},
  primaryclass  = {hep-ph},
  doi           = {10.1007/s002880050286},
  slaccitation  = {%%CITATION = HEP-PH/9601371;%%}
}

@article{Cacciari:2005:fastjet,
  author        = {Cacciari, Matteo and Salam, Gavin P.},
  title         = {Dispelling the $N^{3}$ myth for the $k_t$ jet-finder},
  journal       = {Phys. Lett.},
  volume        = {B641},
  pages         = {57--61},
  doi           = {10.1016/j.physletb.2006.08.037},
  year          = {2006},
  eprint        = {0512210},
  archiveprefix = {arXiv},
  primaryclass  = {hep-ph}
}

@article{Cacciari:2008:antikt,
  author        = {Cacciari, M. and Salam, G.P. and Soyez, G.},
  title         = {The anti-$k_t$ jet clustering algorithm},
  year          = {2008},
  journal       = {JHEP},
  volume        = {0804},
  pages         = {063},
  eprint        = {0802.1189},
  archiveprefix = {arXiv},
  primaryclass  = {hep-ph},
  slaccitation  = {%%CITATION = JHEPA,0804,063;%%}
}

@article{Cacciari:2012:fastjet,
  author        = {Cacciari, M and Salam, G. P. and Soyez, G.},
  title         = {FastJet user manual},
  year          = {2012},
  journal       = {Eur.Phys.J.},
  volume        = {C72},
  pages         = {1896},
  eprint        = {1111.6097},
  archiveprefix = {arXiv},
  primaryclass  = {hep-ph},
  reportnumber  = {CERN-PH-TH-2011-297},
  doi           = {10.1140/epjc/s10052-012-1896-2},
  slaccitation  = {%%CITATION = ARXIV:1111.6097;%%}
}

@article{Campbell:2006:NLOHiggs,
  author        = {Campbell, John M. and Ellis, R. Keith and Zanderighi, Giulia},
  title         = {Next-to-leading order Higgs + 2 jet production via gluon fusion},
  year          = {2006},
  journal       = {JHEP},
  volume        = {10},
  pages         = {028},
  eprint        = {0608194},
  archiveprefix = {arXiv},
  primaryclass  = {hep-ph},
  slaccitation  = {%%CITATION = HEP-PH/0608194;%%}
}

@article{Catani:1991:kt,
  author  = {Catani, S. and Dokshitzer, Yuri L. and Olsson, M. and Turnock, G. and Webber, B. R.},
  title   = {New clustering algorithm for multijet cross sections in $e^+e^-$ annihilation},
  year    = {1991},
  journal = {Phys. Lett.},
  volume  = {B269},
  pages   = {432--438},
  doi     = {10.1016/0370-2693(91)90196-W}
}

@article{Catani:1993:kt,
  author       = {Catani, S. and Dokshitzer, Yuri L. and Seymour, M. H. and Webber, B. R.},
  title        = {Longitudinally invariant K(t) clustering algorithms for hadron-hadron collisions},
  year         = {1993},
  journal      = {Nucl. Phys.},
  volume       = {B406},
  pages        = {187--224},
  slaccitation = {%%CITATION = NUPHA,B406,187;%%}
}

@article{CDF:1995:RapidityGaps,
  author        = {Abe, F. and others},
  collaboration = {CDF},
  title         = {Observation of rapidity gaps in $\bar{p}p$ collisions at \unit{1.8}{\TeV}},
  year          = {1995},
  journal       = {Phys. Rev. Lett.},
  volume        = {74},
  pages         = {855--859},
  doi           = {10.1103/PhysRevLett.74.855},
  slaccitation  = {%%CITATION = PRLTA,74,855;%%}
}

@article{CDF:1998:RapidityGaps,
  author        = {Abe, F. and others},
  collaboration = {CDF},
  title         = {Events With A Rapidity Gap Between Jets In $\bar{p}p$ Collisions at $\sqrt{s} = \unit{630}{\GeV}$},
  year          = {1998},
  journal       = {Phys. Rev. Lett.},
  pages         = {5278--5283},
  volume        = {81}
}

@article{CDF:1998:ColorSinglet,
  author        = {Abe, F. and others},
  collaboration = {CDF},
  title         = {Dijet Production By Color-Singlet Exchange At The Fermilab Tevatron},
  year          = {1998},
  journal       = {Phys. Rev. Lett.},
  pages         = {1156--1161},
  volume        = {80}
}

@article{CERN-PH-EP-2010-069,
  author        = {Aad, G. and others},
  collaboration = {ATLAS},
  title         = {Luminosity Determination in pp Collisions at $\sqrt{s}=\unit{7}{\TeV}$ Using the ATLAS Detector at the LHC},
  year          = {2011},
  journal       = {Eur. Phys. J.},
  pages         = {1630},
  volume        = {C71},
  eprint        = {1101.2185},
  archiveprefix = {arXiv},
  primaryclass  = {hep-ex},
  slaccitation  = {%%CITATION = ARXIV:1101.2185;%%}
}

@misc{CERN:2012:accelerators,
  author    = {CERN},
  title     = {The accelerator complex},
  url       = {http://public.web.cern.ch/public/en/research/AccelComplex-en.html},
  year      = {2012},
  publisher = {CERN}
}

@misc{CERN:2012:AtlasDetector,
  author    = {CERN},
  title     = {ATLAS Detector images},
  url       = {http://cdsweb.cern.ch/record/1095924},
  year      = {2012},
  publisher = {CERN}
}

@techreport{CERN-PH-EP-2011-191,
  author        = {Aad, G. and others},
  collaboration = {ATLAS},
  title         = {Jet energy measurement with the ATLAS detector in proton-proton collisions at $\sqrt{s} = \unit{7}{\TeV}$},
  institution   = {CERN},
  address       = {Geneva},
  number        = {CERN-PH-EP-2011-191},
  year          = {2011},
  eprint        = {1112.6426},
  archiveprefix = {arXiv},
  primaryclass  = {hep-ex},
  slaccitation  = {%%CITATION = ARXIV:1112.6426;%%}
}

@article{CERN-PH-EP-2011-192,
  author        = {Aad, G. and others},
  collaboration = {ATLAS},
  title         = {Measurement of inclusive jet and dijet production in pp collisions at $\sqrt{s}=\unit{7}{\TeV}$ using the ATLAS detector.},
  institution   = {CERN},
  address       = {Geneva},
  number        = {CERN-PH-EP-2011-192},
  year          = {2012},
  journal       = {Phys. Rev.},
  pages         = {014022},
  volume        = {D86},
  eprint        = {1112.6297},
  archiveprefix = {arXiv},
  primaryclass  = {hep-ex}
}

@techreport{CERN-PH-EP-2012-005,
  author        = {Aad, Georges and others},
  collaboration = {ATLAS},
  title         = {Single hadron response measurement and calorimeter jet energy scale uncertainty with the ATLAS detector at the LHC},
  institution   = {CERN},
  address       = {Geneva},
  number        = {CERN-PH-EP-2012-005},
  year          = {2012},
  eprint        = {1203.1302},
  archiveprefix = {arXiv},
  primaryclass  = {hep-ex},
  slaccitation  = {%%CITATION = ARXIV:1203.1302;%%}
}

@article{Cojocaru:2004:ATLASHadronicCalibration,
  author        = {Cojocaru, C. and others},
  collaboration = {ATLAS},
  title         = {Hadronic calibration of the ATLAS liquid argon end-cap calorimeter in the pseudorapidity region $1.6 < |\eta| < 1.8$ in beam tests},
  year          = {2004},
  journal       = {Nucl. Instrum. Meth.},
  volume        = {A531},
  pages         = {481--514},
  eprint        = {0407009v1},
  archiveprefix = {arXiv},
  primaryclass  = {physics.ins-det},
  doi           = {10.1016/j.nima.2004.05.133}
}

@article{Colferai:2011:NLLBFKL,
  author        = {Colferai, D. and Schwennsen, F. and Szymanowski, L. and Wallon, S.},
  title         = {The first complete NLL BFKL study of Mueller Navelet jets at LHC},
  year          = {2011},
  eprint        = {1110.1250},
  archiveprefix = {arXiv},
  primaryclass  = {hep-ph},
  reportnumber  = {LPT-11-83},
  slaccitation  = {%%CITATION = ARXIV:1110.1250;%%}
}

@article{Collins:1989:DGLAP,
  author    = {Collins, J. C. and Qiu, Jianwei},
  title     = {New derivation of the Altarelli-Parisi equations},
  year      = {1989},
  journal   = {Phys. Rev.},
  volume    = {D39},
  issue     = {5},
  pages     = {1398--1408},
  publisher = {American Physical Society},
  doi       = {10.1103/PhysRevD.39.1398}
}

@article{Corcella:2001:Herwig,
  author        = {Corcella, G. and others},
  title         = {HERWIG 6.5: an event generator for Hadron Emission Reactions With Interfering Gluons (including supersymmetric processes)},
  year          = {2001},
  journal       = {JHEP},
  volume        = {01},
  pages         = {010},
  eprint        = {0011363},
  archiveprefix = {arXiv},
  primaryclass  = {hep-ph},
  slaccitation  = {%%CITATION = HEP-PH/0011363;%%}
}

@article{D0:1994:RapidityGaps,
  author        = {Abachi, S. and others},
  collaboration = {D0},
  title         = {Rapidity gaps between jets in $p\bar{p}$ collisions at $\sqrt{s} = \unit{1.8}{\TeV}$},
  year          = {1994},
  journal       = {Phys. Rev. Lett.},
  volume        = {72},
  pages         = {2332--2336},
  doi           = {10.1103/PhysRevLett.72.2332},
  slaccitation  = {%%CITATION = PRLTA,72,2332;%%}
}

@article{D0:1998:ColorSinglet,
  author        = {Abbott, B. and others},
  collaboration = {D0},
  title         = {Probing hard color-singlet exchange in $p\bar{p}$ collisions at $\sqrt{s} = \unit{630}{\GeV}$ and \unit{1800}{\GeV}},
  year          = {1998},
  journal       = {Phys. Lett.},
  volume        = {B440},
  pages         = {189--202},
  eprint        = {9809016},
  archiveprefix = {arXiv},
  primaryclass  = {hep-ex},
  doi           = {10.1016/S0370-2693(98)01238-6},
  slaccitation  = {%%CITATION = HEP-EX/9809016;%%}
}

@article{DAgostini:2010:BayesianUnfolding,
  author        = {D'Agostini, G.},
  title         = {Improved iterative Bayesian unfolding},
  year          = {2010},
  month         = {Oct},
  archiveprefix = {arXiv},
  eprint        = {1010.0632},
  primaryclass  = {physics.data-an}
}

@article{Dokshitzer:1977:DGLAP,
  author       = {Dokshitzer, Yuri L.},
  title        = {Calculation of the Structure Functions for Deep Inelastic Scattering and $e^+e^-$ Annihilation by Perturbation Theory in Quantum Chromodynamics},
  journal      = {Sov. Phys. JETP},
  volume       = {46},
  year         = {1977},
  pages        = {641--653},
  slaccitation = {%%CITATION = SPHJA,46,641;%%}
}

@article{Dokshitzer:1997:CambridgeAachen,
  author        = {Y.L. Dokshitzer and G.D. Leder and S. Moretti and B.R. Webber},
  title         = {Better jet clustering algorithms},
  journal       = {JHEP},
  volume        = {08},
  year          = {1997},
  pages         = {001},
  eprint        = {9707323},
  archiveprefix = {arXiv},
  primaryclass  = {hep-ph},
  slaccitation  = {%%CITATION = HEP-PH/9707323;%%}
}

﻿@article{EPJC:2011:ATLASInclusiveJets,
  author        = {Aad, G. and others},
  collaboration = {ATLAS},
  title         = {Measurement of inclusive jet and dijet cross sections in proton-proton collisions at \unit{7}{\TeV} centre-of-mass energy with the \ATLAS detector},
  year          = {2011},
  journal       = {Eur. Phys. J.},
  volume        = {C71},
  pages         = {1--59},
  affiliation   = {CERN},
  publisher     = {Springer Berlin / Heidelberg},
  issn          = {1434-6044},
  keyword       = {Physics and Astronomy},
  issue         = {2}
}

@article{Forshaw:2005:GapsBetweenJets,
  author        = {Forshaw, Jeffrey R. and Kyrieleis, A. and Seymour, M. H.},
  title         = {Gaps between jets in the high energy limit},
  year          = {2005},
  journal       = {JHEP},
  volume        = {06},
  pages         = {034},
  eprint        = {0502086},
  archiveprefix = {arXiv},
  primaryclass  = {hep-ph},
  slaccitation  = {%%CITATION = HEP-PH/0502086;%%}
}

@article{Forshaw:2006:SuperLeadingLogs,
  author        = {Forshaw, Jeffrey R. and Kyrieleis, A. and Seymour, M. H.},
  title         = {Super-leading logarithms in non-global observables in QCD},
  journal       = {JHEP},
  volume        = {08},
  year          = {2006},
  pages         = {059},
  eprint        = {0604094},
  archiveprefix = {arXiv},
  primaryclass  = {hep-ph},
  slaccitation  = {%%CITATION = HEP-PH/0604094;%%}
}

@article{Forshaw:2009:JetVeto,
  author        = {Forshaw, Jeffrey R. and Keates, James and Marzani, Simone},
  title         = {Jet vetoing at the LHC},
  year          = {2009},
  journal       = {JHEP},
  volume        = {07},
  pages         = {023},
  eprint        = {0905.1350},
  archiveprefix = {arXiv},
  primaryclass  = {hep-ph},
  doi           = {10.1088/1126-6708/2009/07/023},
  slaccitation  = {%%CITATION = 0905.1350;%%}
}

@article{Frixione:1997:herajets,
  author        = {Frixione, Stefano and Ridolfi, Giovanni},
  title         = {Jet photoproduction at HERA},
  year          = {1997},
  journal       = {Nucl. Phys.},
  volume        = {B507},
  pages         = {315--333},
  eprint        = {9707345},
  archiveprefix = {arXiv},
  primaryclass  = {hep-ph},
  slaccitation  = {%%CITATION = HEP-PH/9707345;%%}
}

@article{Frixione:2007:NLOPowheg,
  author        = {Frixione, Stefano and Nason, Paolo and Oleari, Carlo},
  title         = {Matching NLO QCD computations with Parton Shower simulations: the POWHEG method},
  year          = {2007},
  journal       = {JHEP},
  volume        = {11},
  pages         = {070},
  eprint        = {0709.2092},
  archiveprefix = {arXiv},
  primaryclass  = {hep-ph},
  slaccitation  = {%%CITATION = 0709.2092;%%}
}

@article{Gieseke:2011:Herwigpp,
  author        = {Gieseke, S. and Grellscheid, D. and Hamilton, K. and Papaefstathiou, A. and Platzer, S. and others},
  title         = {Herwig++ 2.5 Release Note},
  year          = {2011},
  eprint        = {1102.1672},
  archiveprefix = {arXiv},
  primaryclass  = {hep-ph},
  reportnumber  = {IPPP-11-09, MCNET-11-04, DCPT-11-18, DESY-11-018, KA-TP-04-2011},
  slaccitation  = {%%CITATION = ARXIV:1102.1672;%%}
}

@book{Gottfried:1986:concepts,
  title     = {Concepts of Particle Physics},
  author    = {Gottfried, K. and Weisskopf, V.F.},
  isbn      = {9780195033939},
  lccn      = {83017275},
  year      = {1986},
  publisher = {Clarendon Press}
}

@article{Gribov:1972:DGLAP,
  author       = {Gribov, V. N. and Lipatov, L. N.},
  title        = {Deep inelastic $ep$ scattering in perturbation theory},
  journal      = {Sov. J. Nucl. Phys.},
  volume       = {15},
  year         = {1972},
  pages        = {438--450},
  slaccitation = {%%CITATION = SJNCA,15,438;%%}
}

@article{Hanson:1975:jetstructure,
  author    = {Hanson, G. and others},
  title     = {Evidence for Jet Structure in Hadron Production by ${e}^{+}{e}^{-}$ Annihilation},
  year      = {1975},
  journal   = {Phys. Rev. Lett.},
  volume    = {35},
  pages     = {1609--1612},
  issue     = {24},
  publisher = {American Physical Society},
  doi       = {10.1103/PhysRevLett.35.1609}
}

@article{HERA:2002:RapidityGaps,
  author        = {Adloff, C. and others},
  collaboration = {H1},
  title         = {Energy flow and rapidity gaps between jets in photoproduction at HERA},
  year          = {2002},
  journal       = {Eur. Phys. J.},
  volume        = {C24},
  pages         = {517--527},
  eprint        = {0203011},
  archiveprefix = {arXiv},
  primaryclass  = {hep-ex},
  slaccitation  = {%%CITATION = HEP-EX/0203011;%%}
}

@article{JHEP:2011:ATLAS_GBJ,
  author        = {Aad, G. and others},
  collaboration = {ATLAS},
  title         = {Measurement of dijet production with a veto on additional central jet   activity in pp collisions at $\sqrt{s}=\unit{7}{\TeV}$ using the ATLAS detector},
  year          = {2011},
  journal       = {JHEP},
  volume        = {09},
  pages         = {053}
}

@article{Kuraev:1977:BFKL,
  author       = {Kuraev, E. A. and Lipatov, L. N. and Fadin, Victor S.},
  title        = {The Pomeranchuk Singularity in Nonabelian Gauge Theories},
  journal      = {Sov. Phys. JETP},
  volume       = {45},
  year         = {1977},
  pages        = {199--204},
  slaccitation = {%%CITATION = SPHJA,45,199;%%}
}

@article{Lai:2010:LHAPDF_CT10,
  author        = {Lai, Hung-Liang and Guzzi, Marco and Huston, Joey and Li, Zhao and Nadolsky, Pavel M. and Pumplin, Jon and Yuan, C.-P.},
  title         = {New parton distributions for collider physics},
  year          = {2010},
  journal       = {Phys. Rev.},
  volume        = {D82},
  pages         = {074024},
  eprint        = {1007.2241},
  archiveprefix = {arXiv},
  primaryclass  = {hep-ph},
  slaccitation  = {%%CITATION = 1007.2241;%%}
}

@article{Lonnblad:1992:Ariadne,
  author  = {Lonnblad, L.},
  title   = {Ariadne version 4.12 program and manual},
  year    = {1992},
  journal = {Comput. Phys. Commun.},
  volume  = {71},
  pages   = {153}
}

@article{Mangano:2003:Alpgen,
  author        = {Mangano, M. L. and others},
  title         = {ALPGEN, a generator for hard multiparton processes in hadronic collisions},
  year          = {2003},
  journal       = {JHEP},
  volume        = {07},
  pages         = {001},
  eprint        = {0206293},
  archiveprefix = {arXiv},
  primaryclass  = {hep-ph},
  slaccitation  = {%%CITATION = 0206293;%%}
} 

@article{Martin:2009:lhcpartons,
  author        = {Martin, A. D. and Stirling, W. J. and Thorne, R. S. and Watt, G.},
  title         = {Parton distributions for the LHC},
  year          = {2009},
  journal       = {Eur. Phys. J.},
  volume        = {C63},
  pages         = {189--285},
  eprint        = {0901.0002},
  archiveprefix = {arXiv},
  primaryclass  = {hep-ph},
  slaccitation  = {%%CITATION = 0901.0002;%%}
}

@book{Martin:2009:Nuclear,
  author    = {Martin, B.R.},
  title     = {Nuclear and Particle Physics: An Introduction},
  year      = {2009},
  publisher = {Wiley},
  isbn      = {9780470742747},
  lccn      = {2008047076}
}

@article{Moch:2004:threeLoop,
  author        = {Moch, S. and Vermaseren, J.A.M. and Vogt, A.},
  title         = {The Three loop splitting functions in QCD: The Nonsinglet case},
  year          = {2004},
  journal       = {Nucl. Phys.},
  volume        = {B688},
  pages         = {101--134},
  eprint        = {0403192},
  archiveprefix = {arXiv},
  primaryclass  = {hep-ph},
  slaccitation  = {%%CITATION = HEP-PH/0403192;%%}
}

@article{Nagy:2003:NLOjet,
  author        = {Nagy, Zoltan},
  title         = {Next-to-leading order calculation of three jet observables in hadron hadron collision},
  year          = {2003},
  journal       = {Phys. Rev.},
  volume        = {D68},
  pages         = {094002},
  eprint        = {0307268},
  archiveprefix = {arXiv},
  primaryclass  = {hep-ph},
  slaccitation  = {%%CITATION = HEP-PH/0307268;%%}
}

@article{Nason:2004:NLOMC,
  author        = {Nason, Paolo},
  title         = {A new method for combining NLO QCD with shower Monte Carlo algorithms},
  year          = {2004},
  journal       = {JHEP},
  volume        = {11},
  pages         = {040},
  eprint        = {0409146},
  archiveprefix = {arXiv},
  primaryclass  = {hep-ph},
  slaccitation  = {%%CITATION = HEP-PH/0409146;%%}
}

@article{Pumplin:2002:CTEQ6L1,
  author        = {Pumplin, J. and others},
  title         = {New generation of parton distributions with uncertainties from global QCD analysis},
  year          = {2002},
  journal       = {JHEP},
  volume        = {07},
  pages         = {012},
  eprint        = {0201195},
  archiveprefix = {arXiv},
  primaryclass  = {hep-ph},
  slaccitation  = {%%CITATION = HEP-PH/0201195;%%}
}

@article{Salam:2007:SISCone,
  author        = {Salam, Gavin P. and Soyez, Gregory},
  title         = {A practical Seedless Infrared-Safe Cone jet algorithm},
  year          = {2007},
  journal       = {JHEP},
  volume        = {05},
  pages         = {086},
  eprint        = {0704.0292},
  archiveprefix = {arXiv},
  primaryclass  = {hep-ph},
  slaccitation  = {%%CITATION = ARXIV:0704.0292;%%}
}

@article{Sherstnev:2008:LOMC,
  author        = {Sherstnev, A. and Thorne, R.S.},
  title         = {Different PDF approximations useful for LO Monte Carlo generators},
  year          = {2008},
  pages         = {149},
  eprint        = {0807.2132},
  archiveprefix = {arXiv},
  primaryclass  = {hep-ph},
  slaccitation  = {%%CITATION = ARXIV:0807.2132;%%}
}

@article{Sjostrand:2006:pythia6.4,
  author        = {Sj{\"o}strand, Torbj{\"o}rn and Mrenna, Stephen and Skands, Peter Z.},
  title         = {PYTHIA 6.4 Physics and Manual},
  year          = {2006},
  journal       = {JHEP},
  volume        = {0605},
  pages         = {026},
  eprint        = {0603175},
  archiveprefix = {arXiv},
  primaryclass  = {hep-ph}
}

@article{Skands:2010:perugia,
  author        = {Skands, Peter Zeiler},
  title         = {Tuning Monte Carlo Generators: The Perugia Tunes},
  year          = {2010},
  journal       = {Phys. Rev.},
  volume        = {D82},
  pages         = {074018},
  eprint        = {1005.3457},
  archiveprefix = {arXiv},
  primaryclass  = {hep-ph}
}

@article{SMNLOMWG:2010:Summary,
  author        = {Andersen, J. R. and others},
  collaboration = {SM and NLO Multileg Working Group},
  title         = {The SM and NLO multileg working group: Summary report},
  year          = {2010},
  pages         = {21-189},
  eprint        = {1003.1241},
  archiveprefix = {arXiv},
  primaryclass  = {hep-ph},
  slaccitation  = {%%CITATION = 1003.1241;%%}
}

@article{Vogt:2004:threeLoop,
  author        = {Vogt, A. and Moch, S. and Vermaseren, J.A.M.},
  title         = {The Three-loop splitting functions in QCD: The Singlet case},
  year          = {2004},
  journal       = {Nucl. Phys.},
  volume        = {B691},
  pages         = {129--181},
  eprint        = {0404111},
  archiveprefix = {arXiv},
  primaryclass  = {hep-ph},
  slaccitation  = {%%CITATION = HEP-PH/0404111;%%}
}

@article{Wobisch:1998:CambridgeAachen,
  author        = {Wobisch, M. and Wengler, T.},
  title         = {Hadronization corrections to jet cross-sections in deep inelastic scattering},
  year          = {1998},
  eprint        = {9907280},
  archiveprefix = {arXiv},
  primaryclass  = {hep-ph},
  reportnumber  = {PITHA-99-16},
  slaccitation  = {%%CITATION = HEP-PH/9907280;%%}
}

@article{ZEUS:1996:RapidityGaps,
  author        = {Derrick, M. and others},
  collaboration = {ZEUS},
  title         = {Rapidity gaps between jets in photoproduction at HERA},
  year          = {1996},
  journal       = {Phys.Lett.},
  volume        = {B369},
  pages         = {55--68},
  eprint        = {hep-ex/9510012},
  archiveprefix = {arXiv},
  primaryclass  = {hep-ex},
  reportnumber  = {DESY-95-194},
  slaccitation  = {%%CITATION = HEP-EX/9510012;%%}
}

@article{ZEUS:2006:RapidityGaps,
  author        = {Chekanov, S. and others},
  collaboration = {ZEUS},
  title         = {Photoproduction of events with rapidity gaps between jets at HERA},
  year          = {2006},
  journal       = {Eur. Phys. J.},
  volume        = {C50(2)},
  pages         = {283--297},
  eprint        = {0612008},
  archiveprefix = {arXiv},
  primaryclass  = {hep-ex},
  slaccitation  = {%%CITATION = HEP-EX/0612008;%%}
}


@article{Vogt:2004:threeLoop,
  author        = {Vogt, A. and Moch, S. and Vermaseren, J.A.M.},
  title         = {The Three-loop splitting functions in QCD: The Singlet case},
  year          = {2004},
  journal       = {Nucl. Phys.},
  volume        = {B691},
  pages         = {129--181},
  eprint        = {0404111},
  archiveprefix = {arXiv},
  primaryclass  = {hep-ph},
  slaccitation  = {%%CITATION = HEP-PH/0404111;%%}
}



@techreport{Bell:2316951,
  author       = {Bell, Andrew Stuart and Lo Sterzo, Francesco},
  title        = {{Signal and Background Modelling Studies for the Standard
                  Model $VH,H\rightarrow b\bar{b}$ Analysis}},
  institution  = {CERN},
  address      = {Geneva},
  number       = {ATL-COM-PHYS-2018-505},
  year         = {2018},
  reportnumber = {ATL-COM-PHYS-2018-505},
  url          = {https://cds.cern.ch/record/2316951}
}

@techreport{Anders:2125718,
  author       = {Anders, John Kenneth and D'Onofrio, Monica},
  title        = {{V+Jets theoretical uncertainties estimation via a
                  parameterisation method}},
  institution  = {CERN},
  address      = {Geneva},
  number       = {ATL-COM-PHYS-2016-044},
  year         = {2016},
  reportnumber = {ATL-COM-PHYS-2016-044},
  url          = {https://cds.cern.ch/record/2125718}
}

@article{sailer2022measurement,
  title     = {Measurement of the bound-electron g-factor difference in coupled ions},
  author    = {Sailer, Tim and Debierre, Vincent and Harman, Zolt{\'a}n and Hei{\ss}e, Fabian and K{\"o}nig, Charlotte and Morgner, Jonathan and Tu, Bingsheng and Volotka, Andrey V and Keitel, Christoph H and Blaum, Klaus and others},
  journal   = {Nature},
  volume    = {606},
  number    = {7914},
  pages     = {479--483},
  year      = {2022},
  publisher = {Nature Publishing Group}
}

@article{morel2020determination,
  title     = {Determination of the fine-structure constant with an accuracy of 81 parts per trillion},
  author    = {Morel, L{\'e}o and Yao, Zhibin and Clad{\'e}, Pierre and Guellati-Kh{\'e}lifa, Sa{\"\i}da},
  journal   = {Nature},
  volume    = {588},
  number    = {7836},
  pages     = {61--65},
  year      = {2020},
  publisher = {Nature Publishing Group}
}

@article{CDF:1995wbb,
  author        = {Abe, F. and others},
  collaboration = {CDF},
  title         = {{Observation of top quark production in $\bar{p}p$ collisions}},
  eprint        = {hep-ex/9503002},
  archiveprefix = {arXiv},
  reportnumber  = {FERMILAB-PUB-95-022-E, CDF-PUB-TOP-PUBLIC-3040, ANL-HEP-PR-95-44},
  doi           = {10.1103/PhysRevLett.74.2626},
  journal       = {Phys. Rev. Lett.},
  volume        = {74},
  pages         = {2626--2631},
  year          = {1995}
}

@article{D0:1995jca,
  author        = {Abachi, S. and others},
  collaboration = {D0},
  title         = {{Observation of the top quark}},
  eprint        = {hep-ex/9503003},
  archiveprefix = {arXiv},
  reportnumber  = {FERMILAB-PUB-95-028-E, D0-2698, D0-PUB-95-7},
  doi           = {10.1103/PhysRevLett.74.2632},
  journal       = {Phys. Rev. Lett.},
  volume        = {74},
  pages         = {2632--2637},
  year          = {1995}
}

@article{Herb:1977ek,
  author       = {Herb, S. W. and others},
  title        = {{Observation of a Dimuon Resonance at 9.5-GeV in 400-GeV Proton-Nucleus Collisions}},
  reportnumber = {FERMILAB-PUB-77-58-EXP, FERMILAB-PUB-77-058-E, PRINT-77-0640 (COLUMBIA)},
  doi          = {10.1103/PhysRevLett.39.252},
  journal      = {Phys. Rev. Lett.},
  volume       = {39},
  pages        = {252--255},
  year         = {1977}
}

@article{UA1:1983crd,
  author        = {Arnison, G. and others},
  collaboration = {UA1},
  title         = {{Experimental Observation of Isolated Large Transverse Energy Electrons with Associated Missing Energy at $\sqrt{s}= 540$ GeV}},
  reportnumber  = {CERN-EP-83-13},
  doi           = {10.1016/0370-2693(83)91177-2},
  journal       = {Phys. Lett. B},
  volume        = {122},
  pages         = {103--116},
  year          = {1983}
}

@article{DONUT:2000fbd,
  author        = {Kodama, K. and others},
  collaboration = {DONUT},
  title         = {{Observation of tau neutrino interactions}},
  eprint        = {hep-ex/0012035},
  archiveprefix = {arXiv},
  reportnumber  = {FERMILAB-PUB-00-335-E},
  doi           = {10.1016/S0370-2693(01)00307-0},
  journal       = {Phys. Lett. B},
  volume        = {504},
  pages         = {218--224},
  year          = {2001}
}

@article{zaheer2018deep,
  author        = {{Zaheer}, Manzil and {Kottur}, Satwik and {Ravanbakhsh}, Siamak and {Poczos}, Barnabas and {Salakhutdinov}, Ruslan and {Smola}, Alexander},
  title         = {{Deep Sets}},
  journal       = {arXiv e-prints},
  keywords      = {Computer Science - Machine Learning, Statistics - Machine Learning},
  year          = 2017,
  month         = mar,
  eid           = {arXiv:1703.06114},
  pages         = {arXiv:1703.06114},
  archiveprefix = {arXiv},
  eprint        = {1703.06114},
  primaryclass  = {cs.LG},
  adsurl        = {https://ui.adsabs.harvard.edu/abs/2017arXiv170306114Z},
  adsnote       = {Provided by the SAO/NASA Astrophysics Data System}
}

@article{powheg2007,
  title     = {A positive-weight next-to-leading-order Monte Carlo for heavy flavour hadroproduction},
  volume    = {2007},
  issn      = {1029-8479},
  url       = {http://dx.doi.org/10.1088/1126-6708/2007/09/126},
  doi       = {10.1088/1126-6708/2007/09/126},
  number    = {09},
  journal   = {Journal of High Energy Physics},
  publisher = {Springer Science and Business Media LLC},
  author    = {Frixione, Stefano and Ridolfi, Giovanni and Nason, Paolo},
  year      = {2007},
  month     = {9},
  pages     = {126–126}
}

@article{powheg2004,
  title     = {A New Method for Combining NLO QCD with Shower Monte Carlo Algorithms},
  volume    = {2004},
  issn      = {1029-8479},
  url       = {http://dx.doi.org/10.1088/1126-6708/2004/11/040},
  doi       = {10.1088/1126-6708/2004/11/040},
  number    = {11},
  journal   = {Journal of High Energy Physics},
  publisher = {Springer Science and Business Media LLC},
  author    = {Nason, Paolo},
  year      = {2004},
  month     = {11},
  pages     = {040–040}
}

@article{powheg2007_2,
  title     = {Matching NLO QCD computations with parton shower simulations: the POWHEG method},
  volume    = {2007},
  issn      = {1029-8479},
  url       = {http://dx.doi.org/10.1088/1126-6708/2007/11/070},
  doi       = {10.1088/1126-6708/2007/11/070},
  number    = {11},
  journal   = {Journal of High Energy Physics},
  publisher = {Springer Science and Business Media LLC},
  author    = {Frixione, Stefano and Nason, Paolo and Oleari, Carlo},
  year      = {2007},
  month     = {11},
  pages     = {070–070}
}

@article{powheg2010,
  title     = {A general framework for implementing NLO calculations in shower Monte Carlo programs: the POWHEG BOX},
  volume    = {2010},
  issn      = {1029-8479},
  url       = {http://dx.doi.org/10.1007/JHEP06(2010)043},
  doi       = {10.1007/jhep06(2010)043},
  number    = {6},
  journal   = {Journal of High Energy Physics},
  publisher = {Springer Science and Business Media LLC},
  author    = {Alioli, Simone and Nason, Paolo and Oleari, Carlo and Re, Emanuele},
  year      = {2010},
  month     = {Jun}
}

@article{2020-gnn-in-particle-physics,
  title     = {Graph neural networks in particle physics},
  volume    = {2},
  issn      = {2632-2153},
  url       = {http://dx.doi.org/10.1088/2632-2153/abbf9a},
  doi       = {10.1088/2632-2153/abbf9a},
  number    = {2},
  journal   = {Machine Learning: Science and Technology},
  publisher = {IOP Publishing},
  author    = {Shlomi, Jonathan and Battaglia, Peter and Vlimant, Jean-Roch},
  year      = {2021},
  month     = {1},
  pages     = {021001}
}

@article{serviansky2020set2graph,
  author        = {{Serviansky}, Hadar and {Segol}, Nimrod and {Shlomi}, Jonathan and {Cranmer}, Kyle and {Gross}, Eilam and {Maron}, Haggai and {Lipman}, Yaron},
  title         = {{Set2Graph: Learning Graphs From Sets}},
  journal       = {arXiv e-prints},
  keywords      = {Computer Science - Machine Learning, Statistics - Machine Learning},
  year          = 2020,
  month         = feb,
  eid           = {arXiv:2002.08772},
  pages         = {arXiv:2002.08772},
  archiveprefix = {arXiv},
  eprint        = {2002.08772},
  primaryclass  = {cs.LG},
  adsurl        = {https://ui.adsabs.harvard.edu/abs/2020arXiv200208772S},
  adsnote       = {Provided by the SAO/NASA Astrophysics Data System}
}

@article{2020-gnn-for-sv,
  title     = {Secondary vertex finding in jets with neural networks},
  volume    = {81},
  issn      = {1434-6052},
  url       = {http://dx.doi.org/10.1140/epjc/s10052-021-09342-y},
  doi       = {10.1140/epjc/s10052-021-09342-y},
  number    = {6},
  journal   = {The European Physical Journal C},
  publisher = {Springer Science and Business Media LLC},
  author    = {Shlomi, Jonathan and Ganguly, Sanmay and Gross, Eilam and Cranmer, Kyle and Lipman, Yaron and Serviansky, Hadar and Maron, Haggai and Segol, Nimrod},
  year      = {2021},
  month     = {6}
}

@article{2021arXiv210514491B,
  author        = {{Brody}, Shaked and {Alon}, Uri and {Yahav}, Eran},
  title         = {{How Attentive are Graph Attention Networks?}},
  journal       = {arXiv e-prints},
  keywords      = {Computer Science - Machine Learning},
  year          = 2021,
  month         = 5,
  archiveprefix = {arXiv},
  eprint        = {2105.14491},
  primaryclass  = {cs.LG},
  adsurl        = {https://ui.adsabs.harvard.edu/abs/2021arXiv210514491B},
  adsnote       = {Provided by the SAO/NASA Astrophysics Data System}
}

@article{PhysRevD.98.030001,
  title         = {Review of Particle Physics},
  author        = {Tanabashi, M. and Hagiwara, K. and Hikasa, K. and Nakamura, K. and Sumino, Y. and Takahashi, F. and Tanaka, J. and Agashe, K. and Aielli, G. and Amsler, C. and Antonelli, M. and Asner, D. M. and Baer, H. and Banerjee, Sw. and Barnett, R. M. and Basaglia, T. and Bauer, C. W. and Beatty, J. J. and Belousov, V. I. and Beringer, J. and Bethke, S. and Bettini, A. and Bichsel, H. and Biebel, O. and Black, K. M. and Blucher, E. and Buchmuller, O. and Burkert, V. and Bychkov, M. A. and Cahn, R. N. and Carena, M. and Ceccucci, A. and Cerri, A. and Chakraborty, D. and Chen, M.-C. and Chivukula, R. S. and Cowan, G. and Dahl, O. and D'Ambrosio, G. and Damour, T. and de Florian, D. and de Gouv\^ea, A. and DeGrand, T. and de Jong, P. and Dissertori, G. and Dobrescu, B. A. and D'Onofrio, M. and Doser, M. and Drees, M. and Dreiner, H. K. and Dwyer, D. A. and Eerola, P. and Eidelman, S. and Ellis, J. and Erler, J. and Ezhela, V. V. and Fetscher, W. and Fields, B. D. and Firestone, R. and Foster, B. and Freitas, A. and Gallagher, H. and Garren, L. and Gerber, H.-J. and Gerbier, G. and Gershon, T. and Gershtein, Y. and Gherghetta, T. and Godizov, A. A. and Goodman, M. and Grab, C. and Gritsan, A. V. and Grojean, C. and Groom, D. E. and Gr\"unewald, M. and Gurtu, A. and Gutsche, T. and Haber, H. E. and Hanhart, C. and Hashimoto, S. and Hayato, Y. and Hayes, K. G. and Hebecker, A. and Heinemeyer, S. and Heltsley, B. and Hern\'andez-Rey, J. J. and Hisano, J. and H\"ocker, A. and Holder, J. and Holtkamp, A. and Hyodo, T. and Irwin, K. D. and Johnson, K. F. and Kado, M. and Karliner, M. and Katz, U. F. and Klein, S. R. and Klempt, E. and Kowalewski, R. V. and Krauss, F. and Kreps, M. and Krusche, B. and Kuyanov, Yu. V. and Kwon, Y. and Lahav, O. and Laiho, J. and Lesgourgues, J. and Liddle, A. and Ligeti, Z. and Lin, C.-J. and Lippmann, C. and Liss, T. M. and Littenberg, L. and Lugovsky, K. S. and Lugovsky, S. B. and Lusiani, A. and Makida, Y. and Maltoni, F. and Mannel, T. and Manohar, A. V. and Marciano, W. J. and Martin, A. D. and Masoni, A. and Matthews, J. and Mei\ss{}ner, U.-G. and Milstead, D. and Mitchell, R. E. and M\"onig, K. and Molaro, P. and Moortgat, F. and Moskovic, M. and Murayama, H. and Narain, M. and Nason, P. and Navas, S. and Neubert, M. and Nevski, P. and Nir, Y. and Olive, K. A. and Pagan Griso, S. and Parsons, J. and Patrignani, C. and Peacock, J. A. and Pennington, M. and Petcov, S. T. and Petrov, V. A. and Pianori, E. and Piepke, A. and Pomarol, A. and Quadt, A. and Rademacker, J. and Raffelt, G. and Ratcliff, B. N. and Richardson, P. and Ringwald, A. and Roesler, S. and Rolli, S. and Romaniouk, A. and Rosenberg, L. J. and Rosner, J. L. and Rybka, G. and Ryutin, R. A. and Sachrajda, C. T. and Sakai, Y. and Salam, G. P. and Sarkar, S. and Sauli, F. and Schneider, O. and Scholberg, K. and Schwartz, A. J. and Scott, D. and Sharma, V. and Sharpe, S. R. and Shutt, T. and Silari, M. and Sj\"ostrand, T. and Skands, P. and Skwarnicki, T. and Smith, J. G. and Smoot, G. F. and Spanier, S. and Spieler, H. and Spiering, C. and Stahl, A. and Stone, S. L. and Sumiyoshi, T. and Syphers, M. J. and Terashi, K. and Terning, J. and Thoma, U. and Thorne, R. S. and Tiator, L. and Titov, M. and Tkachenko, N. P. and T\"ornqvist, N. A. and Tovey, D. R. and Valencia, G. and Van de Water, R. and Varelas, N. and Venanzoni, G. and Verde, L. and Vincter, M. G. and Vogel, P. and Vogt, A. and Wakely, S. P. and Walkowiak, W. and Walter, C. W. and Wands, D. and Ward, D. R. and Wascko, M. O. and Weiglein, G. and Weinberg, D. H. and Weinberg, E. J. and White, M. and Wiencke, L. R. and Willocq, S. and Wohl, C. G. and Womersley, J. and Woody, C. L. and Workman, R. L. and Yao, W.-M. and Zeller, G. P. and Zenin, O. V. and Zhu, R.-Y. and Zhu, S.-L. and Zimmermann, F. and Zyla, P. A. and Anderson, J. and Fuller, L. and Lugovsky, V. S. and Schaffner, P.},
  collaboration = {Particle Data Group},
  journal       = {Phys. Rev. D},
  volume        = {98},
  issue         = {3},
  pages         = {030001},
  numpages      = {1898},
  year          = {2018},
  month         = {Aug},
  publisher     = {American Physical Society},
  doi           = {10.1103/PhysRevD.98.030001},
  url           = {https://link.aps.org/doi/10.1103/PhysRevD.98.030001}
}

@article{battaglia2018relational,
  title   = {Relational inductive biases, deep learning, and graph networks},
  author  = {Battaglia, Peter W and Hamrick, Jessica B and Bapst, Victor and Sanchez-Gonzalez, Alvaro and Zambaldi, Vinicius and Malinowski, Mateusz and Tacchetti, Andrea and Raposo, David and Santoro, Adam and Faulkner, Ryan and others},
  journal = {arXiv preprint arXiv:1806.01261},
  year    = {2018}
}

@article{arxiv.1412.6980,
  author        = {{Kingma}, Diederik P. and {Ba}, Jimmy},
  title         = {{Adam: A Method for Stochastic Optimization}},
  journal       = {arXiv e-prints},
  keywords      = {Computer Science - Machine Learning},
  year          = 2014,
  month         = dec,
  archiveprefix = {arXiv},
  eprint        = {1412.6980},
  primaryclass  = {cs.LG},
  adsurl        = {https://ui.adsabs.harvard.edu/abs/2014arXiv1412.6980K},
  adsnote       = {Provided by the SAO/NASA Astrophysics Data System}
}

@article{arxiv.2007.08294,
  author        = {{Hwang}, Dasol and {Park}, Jinyoung and {Kwon}, Sunyoung and {Kim}, Kyung-Min and {Ha}, Jung-Woo and {Kim}, Hyunwoo J.},
  title         = {{Self-supervised Auxiliary Learning with Meta-paths for Heterogeneous Graphs}},
  journal       = {arXiv e-prints},
  keywords      = {Computer Science - Machine Learning, Statistics - Machine Learning},
  year          = 2021,
  archiveprefix = {arXiv},
  eprint        = {2007.08294},
  primaryclass  = {cs.LG},
  adsurl        = {https://ui.adsabs.harvard.edu/abs/2020arXiv200708294H},
  adsnote       = {Provided by the SAO/NASA Astrophysics Data System}
}

@misc{bai2019,
  author    = {Bai, Junjie and Lu, Fang and Zhang, Ke and others},
  title     = {{ONNX}: Open Neural Network Exchange},
  year      = {2019},
  publisher = {GitHub},
  journal   = {GitHub repository},
  url       = {https://github.com/onnx/onnx},
  commit    = {94d238d96e3fb3a7ba34f03c284b9ad3516163be}
}

@article{Mimasu:2015nqa,
  author        = {Mimasu, Ken and Sanz, Veronica and Williams, Ciaran},
  title         = {{Higher order QCD predictions for associated Higgs
                   production with anomalous couplings to gauge bosons}},
  journal       = {JHEP},
  volume        = {08},
  year          = {2016},
  pages         = {039},
  doi           = {10.1007/JHEP08(2016)039},
  eprint        = {1512.02572},
  archiveprefix = {arXiv},
  primaryclass  = {hep-ph},
  slaccitation  = {%%CITATION = ARXIV:1512.02572;%%}
}

@article{Contino:2013kra,
  author        = {Contino, Roberto and Ghezzi, Margherita and Grojean, Christophe and M{\"{u}}hlleitner, Margarete and Spira, Michael},
  title         = {{Effective Lagrangian for a light Higgs-like scalar}},
  eprint        = {1303.3876},
  archiveprefix = {arXiv},
  primaryclass  = {hep-ph},
  reportnumber  = {CERN-PH-TH-2013-047, KA-TP-06-2013, PSI-PR-13-04},
  doi           = {10.1007/JHEP07(2013)035},
  journal       = {JHEP},
  volume        = {07},
  pages         = {035},
  year          = {2013}
}


@article{Workman:2022ynf,
  author        = {Workman, R. L. and Others},
  collaboration = {Particle Data Group},
  title         = {{Review of Particle Physics}},
  doi           = {10.1093/ptep/ptac097},
  journal       = {PTEP},
  volume        = {2022},
  pages         = {083C01},
  year          = {2022}
}

@article{PhysRev.96.191,
  title     = {Conservation of Isotopic Spin and Isotopic Gauge Invariance},
  author    = {Yang, C. N. and Mills, R. L.},
  journal   = {Phys. Rev.},
  volume    = {96},
  issue     = {1},
  pages     = {191--195},
  numpages  = {0},
  year      = {1954},
  month     = {Oct},
  publisher = {American Physical Society},
  doi       = {10.1103/PhysRev.96.191},
  url       = {https://link.aps.org/doi/10.1103/PhysRev.96.191}
}


@article{PhysRev.104.254,
  title     = {Question of Parity Conservation in Weak Interactions},
  author    = {Lee, T. D. and Yang, C. N.},
  journal   = {Phys. Rev.},
  volume    = {104},
  issue     = {1},
  pages     = {254--258},
  numpages  = {0},
  year      = {1956},
  month     = {Oct},
  publisher = {American Physical Society},
  doi       = {10.1103/PhysRev.104.254},
  url       = {https://link.aps.org/doi/10.1103/PhysRev.104.254}
}

@article{PhysRev.105.1413,
  title     = {Experimental Test of Parity Conservation in Beta Decay},
  author    = {Wu, C. S. and Ambler, E. and Hayward, R. W. and Hoppes, D. D. and Hudson, R. P.},
  journal   = {Phys. Rev.},
  volume    = {105},
  issue     = {4},
  pages     = {1413--1415},
  numpages  = {0},
  year      = {1957},
  month     = {Feb},
  publisher = {American Physical Society},
  doi       = {10.1103/PhysRev.105.1413},
  url       = {https://link.aps.org/doi/10.1103/PhysRev.105.1413}
}

@article{PhysRev.105.1415,
  title     = {Observations of the Failure of Conservation of Parity and Charge Conjugation in Meson Decays: the Magnetic Moment of the Free Muon},
  author    = {Garwin, Richard L. and Lederman, Leon M. and Weinrich, Marcel},
  journal   = {Phys. Rev.},
  volume    = {105},
  issue     = {4},
  pages     = {1415--1417},
  numpages  = {0},
  year      = {1957},
  month     = {Feb},
  publisher = {American Physical Society},
  doi       = {10.1103/PhysRev.105.1415},
  url       = {https://link.aps.org/doi/10.1103/PhysRev.105.1415}
}

@article{PhysRev.117.648,
  title     = {Quasi-Particles and Gauge Invariance in the Theory of Superconductivity},
  author    = {Nambu, Yoichiro},
  journal   = {Phys. Rev.},
  volume    = {117},
  issue     = {3},
  pages     = {648--663},
  numpages  = {0},
  year      = {1960},
  month     = {Feb},
  publisher = {American Physical Society},
  doi       = {10.1103/PhysRev.117.648},
  url       = {https://link.aps.org/doi/10.1103/PhysRev.117.648}
}

@article{Goldstone1961FieldTW,
  title   = {Field theories with « Superconductor » solutions},
  author  = {Jeffrey Goldstone},
  journal = {Il Nuovo Cimento (1955-1965)},
  year    = {1961},
  volume  = {19},
  pages   = {154-164}
}

@article{AliceCollaboration_2008,
  doi       = {10.1088/1748-0221/3/08/s08002},
  url       = {https://doi.org/10.1088/1748-0221/3/08/s08002},
  year      = 2008,
  month     = {aug},
  publisher = {{IOP} Publishing},
  volume    = {3},
  number    = {08},
  pages     = {S08002--S08002},
  author    = {{The ALICE Collaboration}},
  title     = {The {ALICE} experiment at the {CERN} {LHC}},
  journal   = {Journal of Instrumentation}
}

@article{LHCbCollaboration_2008,
  doi       = {10.1088/1748-0221/3/08/s08005},
  url       = {https://doi.org/10.1088/1748-0221/3/08/s08005},
  year      = 2008,
  month     = {aug},
  publisher = {{IOP} Publishing},
  volume    = {3},
  number    = {08},
  pages     = {S08005--S08005},
  author    = {{The LHCb Collaboration}},
  title     = {The {LHCb} Detector at the {LHC}},
  journal   = {Journal of Instrumentation}
}

@article{Strong:2020mge,
  author        = {Strong, Giles Chatham},
  title         = {{On the impact of selected modern deep-learning techniques to the performance and celerity of classification models in an experimental high-energy physics use case}},
  eprint        = {2002.01427},
  archiveprefix = {arXiv},
  primaryclass  = {physics.data-an},
  doi           = {10.1088/2632-2153/ab983a},
  month         = {2},
  year          = {2020}
}

@misc{atlas-lumi-run1,
  author  = {{ATLAS Collaboration}},
  title   = {{Integrated luminosity summary plots for 2011-2012 data taking}},
  url     = {https://twiki.cern.ch/twiki/bin/view/AtlasPublic/LuminosityPublicResults},
  year    = {2022},
  urldate = {2022-08-01}
}

@misc{atlas-lumi-run2,
  author  = {{ATLAS Collaboration}},
  title   = {{Public ATLAS Luminosity Results for Run-2 of the LHC}},
  url     = {https://twiki.cern.ch/twiki/bin/view/AtlasPublic/LuminosityPublicResultsRun2},
  year    = {2022},
  urldate = {2022-08-01}
}

@article{Cornelissen:2007vba,
  author       = {Cornelissen, T. and Elsing, M. and Fleischmann, S. and Liebig, W. and Moyse, E.},
  editor       = {Salzburger, A.},
  title        = {{Concepts, Design and Implementation of the ATLAS New Tracking (NEWT)}},
  reportnumber = {ATL-SOFT-PUB-2007-007, ATL-COM-SOFT-2007-002},
  month        = {3},
  year         = {2007}
}

@article{2014arXiv1406.7690A,
  author        = {{ATLAS collaboration}},
  title         = {{A neural network clustering algorithm for the ATLAS silicon pixel detector}},
  journal       = {arXiv e-prints},
  keywords      = {High Energy Physics - Experiment},
  year          = 2014,
  month         = jun,
  eid           = {arXiv:1406.7690},
  pages         = {arXiv:1406.7690},
  archiveprefix = {arXiv},
  eprint        = {1406.7690},
  primaryclass  = {hep-ex},
  adsurl        = {https://ui.adsabs.harvard.edu/abs/2014arXiv1406.7690A},
  adsnote       = {Provided by the SAO/NASA Astrophysics Data System}
}

@phdthesis{Jansky:2013ryb,
  author       = {Jansky, Roland},
  title        = {{Truth Seeded Reconstruction for Fast Simulation in the ATLAS Experiment}},
  url          = {https://cds.cern.ch/record/1625231},
  reportnumber = {CERN-THESIS-2013-194},
  school       = {Innsbruck U.},
  year         = {2013}
}

@article{Webber:1999ui,
  author        = {Webber, B. R.},
  editor        = {Jaros, J. and Peskin, Michael E.},
  title         = {{Fragmentation and hadronization}},
  eprint        = {hep-ph/9912292},
  archiveprefix = {arXiv},
  reportnumber  = {CERN-TH-99-387, CAVENDISH-HEP-99-16},
  doi           = {10.1142/S0217751X00005334},
  journal       = {Int. J. Mod. Phys. A},
  volume        = {15S1},
  pages         = {577--606},
  year          = {2000}
}

@article{mcculloch1943logical,
  title     = {A logical calculus of the ideas immanent in nervous activity},
  author    = {McCulloch, W.S. and Pitts, W.},
  journal   = {The bulletin of mathematical biophysics},
  volume    = {5},
  number    = {4},
  pages     = {115--133},
  year      = {1943},
  publisher = {Springer}
}

@incollection{hopfield1987neural,
  title     = {Neural networks and physical systems with emergent collective computational abilities},
  author    = {Hopfield, J.J.},
  booktitle = {Spin Glass Theory and Beyond: An Introduction to the Replica Method and Its Applications},
  pages     = {411--415},
  year      = {1987},
  publisher = {World Scientific}
}

@article{leshouchesaccords,
  author   = {{Boos}, E. and {Dobbs}, M. and {Giele}, W. and {Hinchliffe}, I. and 
              {Huston}, J. and {Ilyin}, V. and {Kanzaki}, J. and {Kato}, K. and 
              {Kurihara}, Y. and {Lonnblad}, L. and {Mangano}, M. and {Mrenna}, S. and 
              {Paige}, F. and {Richter-Was}, E. and {Seymour}, M. and {Sjostrand}, T. and 
              {Webber}, B. and {Zeppenfeld}, D.},
  title    = {{Generic User Process Interface for Event Generators}},
  journal  = {ArXiv High Energy Physics - Phenomenology e-prints},
  keywords = {High Energy Physics - Phenomenology},
  year     = 2001,
  month    = sep,
  adsurl   = {http://adsabs.harvard.edu/abs/2001hep.ph....9068B},
  adsnote  = {Provided by the SAO/NASA Astrophysics Data System}
}

@article{leshouchesstandardisation,
  author  = {{Alwall}, J. and {Ballestrero}, A. and {Bartalini}, P. and {Belov}, S. and 
             {Boos}, E. and {Buckley}, A. and {Butterworth}, J.~M. and {Dudko}, L. and 
             {Frixione}, S. and {Garren}, L. and {Gieseke}, S. and {Gusev}, A. and 
             {Hinchliffe}, I. and {Huston}, J.
             },
  title   = {{A standard format for Les Houches Event Files}},
  journal = {Computer Physics Communications},
  year    = 2007,
  month   = feb,
  volume  = 176,
  pages   = {300-304},
  doi     = {10.1016/j.cpc.2006.11.010},
  adsurl  = {http://adsabs.harvard.edu/abs/2007CoPhC.176..300A},
  adsnote = {Provided by the SAO/NASA Astrophysics Data System}
}

@article{stochasticgrad,
  title     = {Online learning and stochastic approximations},
  author    = {Bottou, L.},
  journal   = {On-line learning in neural networks},
  volume    = {17},
  number    = {9},
  pages     = {142},
  year      = {1998},
  publisher = {Cambridge Univ Press}
}

@article{2014arXiv1412.6980K,
  author        = {{Kingma}, Diederik P. and {Ba}, Jimmy},
  title         = {{Adam: A Method for Stochastic Optimization}},
  journal       = {arXiv e-prints},
  keywords      = {Computer Science - Machine Learning},
  year          = 2014,
  month         = dec,
  archiveprefix = {arXiv},
  eprint        = {1412.6980},
  primaryclass  = {cs.LG},
  adsurl        = {https://ui.adsabs.harvard.edu/abs/2014arXiv1412.6980K},
  adsnote       = {Provided by the SAO/NASA Astrophysics Data System}
}

@incollection{efficientbackprop,
  title     = {Efficient backprop},
  author    = {LeCun, Y. and Bottou, L. and Orr, G. B and M{u}ller, Klaus-Robert},
  booktitle = {Neural networks: Tricks of the trade},
  pages     = {9--50},
  year      = {1998},
  publisher = {Springer}
}

@article{HORNIK1989359,
  title   = {Multilayer feedforward networks are universal approximators},
  journal = {Neural Networks},
  volume  = {2},
  number  = {5},
  pages   = {359-366},
  year    = {1989},
  issn    = {0893-6080},
  doi     = {https://doi.org/10.1016/0893-6080(89)90020-8},
  url     = {https://www.sciencedirect.com/science/article/pii/0893608089900208},
  author  = {Kurt Hornik and Maxwell Stinchcombe and Halbert White}
}

@incollection{lecun2012efficient,
  title     = {Efficient backprop},
  author    = {LeCun, Yann A and Bottou, L{\'e}on and Orr, Genevieve B and M{\"u}ller, Klaus-Robert},
  booktitle = {Neural networks: Tricks of the trade},
  pages     = {9--48},
  year      = {2012},
  publisher = {Springer}
}

@article{rumelhart1986learning,
  title     = {Learning representations by back-propagating errors},
  author    = {Rumelhart, David E and Hinton, Geoffrey E and Williams, Ronald J},
  journal   = {nature},
  volume    = {323},
  number    = {6088},
  pages     = {533--536},
  year      = {1986},
  publisher = {Nature Publishing Group}
}
@misc{2022DonalTrackReco,
  author = {{ATLAS Collaboration}},
  title  = {Tracking efficiency studies in dense environments},
  url    = {https://atlas.web.cern.ch/Atlas/GROUPS/PHYSICS/PLOTS/IDTR-2022-03/},
  year   = {2022}
}
@article{Herr:941318,
  author = {Herr, Werner and Muratori, B},
  title  = {{Concept of luminosity}},
  year   = {2006},
  url    = {https://cds.cern.ch/record/941318},
  doi    = {10.5170/CERN-2006-002.361}
}
@article{Cannoni:2016hro,
  author        = {Cannoni, Mirco},
  title         = {{Lorentz invariant relative velocity and relativistic binary collisions}},
  eprint        = {1605.00569},
  archiveprefix = {arXiv},
  primaryclass  = {hep-ph},
  doi           = {10.1142/S0217751X17300022},
  journal       = {Int. J. Mod. Phys. A},
  volume        = {32},
  number        = {02n03},
  pages         = {1730002},
  year          = {2017}
}

@article{Aad:2014xaa,
  author        = {{ATLAS Collaboration}},
  title         = {{Measurement of the $Z/\gamma^*$ boson transverse
                   momentum distribution in $pp$ collisions at $\sqrt{s}$ = 7
                   TeV with the ATLAS detector}},
  collaboration = {ATLAS},
  journal       = {JHEP},
  volume        = {09},
  year          = {2014},
  pages         = {145},
  doi           = {10.1007/JHEP09(2014)145},
  eprint        = {1406.3660},
  archiveprefix = {arXiv},
  primaryclass  = {hep-ex},
  reportnumber  = {CERN-PH-EP-2014-075},
  slaccitation  = {%%CITATION = ARXIV:1406.3660;%%}
}

@article{Luisoni:2013kna,
  author        = {Luisoni, Gionata and Nason, Paolo and Oleari, Carlo and
                   Tramontano, Francesco},
  title         = {{$HW^{\pm}$/HZ + 0 and 1 jet at NLO with the POWHEG BOX
                   interfaced to GoSam and their merging within MiNLO}},
  journal       = {JHEP},
  volume        = {10},
  year          = {2013},
  pages         = {083},
  doi           = {10.1007/JHEP10(2013)083},
  eprint        = {1306.2542},
  archiveprefix = {arXiv},
  primaryclass  = {hep-ph},
  slaccitation  = {%%CITATION = ARXIV:1306.2542;%%}
}

@article{Harlander:2013mla,
  author        = {Harlander, Robert V. and Liebler, Stefan and Zirke, Tom},
  title         = {{Higgs Strahlung at the Large Hadron Collider in the
                   2-Higgs-doublet model}},
  journal       = {JHEP},
  volume        = {02},
  year          = {2014},
  pages         = {023},
  doi           = {10.1007/JHEP02(2014)023},
  eprint        = {1307.8122},
  archiveprefix = {arXiv},
  primaryclass  = {hep-ph},
  reportnumber  = {WUB-13-12},
  slaccitation  = {%%CITATION = ARXIV:1307.8122;%%}
}

@article{Kidonakis:2010tc,
  author        = {Kidonakis, Nikolaos},
  title         = {{Next-to-next-to-leading logarithm resummation for s-channel single top quark
                   production}},
  journal       = {Phys. Rev. D},
  volume        = {81},
  year          = {2010},
  pages         = {054028},
  doi           = {10.1103/PhysRevD.81.054028},
  eprint        = {1001.5034},
  archiveprefix = {arXiv},
  primaryclass  = {hep-ph},
  slaccitation  = {%%CITATION = ARXIV:1001.5034;%%}
}

@article{Kidonakis:2011wy,
  author        = {Kidonakis, Nikolaos},
  title         = {{Next-to-next-to-leading-order collinear and soft gluon
                   corrections for t-channel single top quark production}},
  journal       = {Phys. Rev. D},
  volume        = {83},
  year          = {2011},
  pages         = {091503},
  doi           = {10.1103/PhysRevD.83.091503},
  eprint        = {1103.2792},
  archiveprefix = {arXiv},
  primaryclass  = {hep-ph},
  slaccitation  = {%%CITATION = ARXIV:1103.2792;%%}
}

@article{Catani:2009sm,
  author        = {Catani, Stefano and Cieri, Leandro and Ferrera, Giancarlo
                   and de Florian, Daniel and Grazzini, Massimiliano},
  title         = {{Vector Boson Production at Hadron Colliders: a Fully
                   Exclusive QCD Calculation at NNLO}},
  journal       = {Phys. Rev. Lett.},
  volume        = {103},
  year          = {2009},
  pages         = {082001},
  doi           = {10.1103/PhysRevLett.103.082001},
  eprint        = {0903.2120},
  archiveprefix = {arXiv},
  primaryclass  = {hep-ph},
  slaccitation  = {%%CITATION = ARXIV:0903.2120;%%}
}

@article{Lafaye:2009vr,
  author        = {Lafaye, Remi and Plehn, Tilman and Rauch, Michael and
                   Zerwas, Dirk and Duhrssen, Michael},
  title         = {{Measuring the Higgs Sector}},
  journal       = {JHEP},
  volume        = {08},
  year          = {2009},
  pages         = {009},
  doi           = {10.1088/1126-6708/2009/08/009},
  eprint        = {0904.3866},
  archiveprefix = {arXiv},
  primaryclass  = {hep-ph},
  reportnumber  = {KA-TP-01-2009, SFB-CPP-09-28},
  slaccitation  = {%%CITATION = ARXIV:0904.3866;%%}
}

@article{moneta2010roostats,
  title   = {The roostats project},
  author  = {Moneta, Lorenzo and Belasco, Kevin and Cranmer, Kyle and Kreiss, Sven and Lazzaro, Alfio and Piparo, Danilo and Schott, Gregory and Verkerke, Wouter and Wolf, Matthias},
  journal = {arXiv preprint arXiv:1009.1003},
  year    = {2010}
}

@misc{atlastrackingdocs,
  author = {{ATLAS Collaboration}},
  title  = {ATLAS Track Reconstruction -- General Overview},
  url    = {https://atlassoftwaredocs.web.cern.ch/trackingTutorial/idoverview/},
  year   = {2022}
}

@techreport{Jon-And:1237407,
  author       = {{ATLAS Collaboration}},
  title        = {{Status of the ATLAS Experiment}},
  journal      = {CERN},
  address      = {Geneva},
  reportnumber = {ATL-GEN-PROC-2010-001},
  year         = {2010},
  url          = {https://cds.cern.ch/record/1237407}
}

@misc{atlasid,
  author = {{ATLAS Collaboration}},
  title  = {The Inner Detector},
  url    = {https://atlas.cern/Discover/Detector/Inner-Detector},
  year   = {2022}
}

@misc{atlascalo,
  author = {{ATLAS Collaboration}},
  title  = {Calorimeter},
  url    = {https://atlas.cern/Discover/Detector/Calorimeter},
  year   = {2022}
}

@misc{atlasmuon,
  author = {{ATLAS Collaboration}},
  title  = {Muon Spectrometer},
  url    = {https://atlas.cern/Discover/Detector/Muon-Spectrometer},
  year   = {2022}
}

@article{Krohn:2009zg,
  author        = {Krohn, David and Thaler, Jesse and Wang, Lian-Tao},
  title         = {{Jets with Variable R}},
  eprint        = {0903.0392},
  archiveprefix = {arXiv},
  primaryclass  = {hep-ph},
  doi           = {10.1088/1126-6708/2009/06/059},
  journal       = {JHEP},
  volume        = {06},
  pages         = {059},
  year          = {2009}
}

@techreport{Artoni:1953654,
  author       = {{ATLAS Collaboration}},
  title        = {{Muon momentum scale and resolution in pp collisions at
                  $\sqrt{s}$ = 8 TeV in ATLAS}},
  institution  = {CERN},
  address      = {Geneva},
  reportnumber = {ATL-PHYS-PROC-2014-176},
  year         = {2016},
  url          = {https://cds.cern.ch/record/1953654}
}

@article{ATLAS:2020jwz,
  author        = {Aad, Georges and others},
  collaboration = {ATLAS},
  title         = {{Measurement of the associated production of a Higgs boson decaying into $b$-quarks with a vector boson at high transverse momentum in $pp$ collisions at $\sqrt{s} = 13$ TeV with the ATLAS detector}},
  eprint        = {2008.02508},
  archiveprefix = {arXiv},
  primaryclass  = {hep-ex},
  reportnumber  = {CERN-EP-2020-093},
  doi           = {10.1016/j.physletb.2021.136204},
  journal       = {Phys. Lett. B},
  volume        = {816},
  pages         = {136204},
  year          = {2021}
}

@article{ATLAS:2013bqs,
  author        = {Aad, Georges and others},
  collaboration = {ATLAS},
  title         = {{Performance of jet substructure techniques for large-$R$ jets in proton-proton collisions at $\sqrt{s}$ = 7 TeV using the ATLAS detector}},
  eprint        = {1306.4945},
  archiveprefix = {arXiv},
  primaryclass  = {hep-ex},
  reportnumber  = {CERN-PH-EP-2013-069},
  doi           = {10.1007/JHEP09(2013)076},
  journal       = {JHEP},
  volume        = {09},
  pages         = {076},
  year          = {2013}
}

@misc{bjetdiagram,
  author = {{Nazar Bartosik}},
  title  = {Diagram showing the common principle of identification of jets initiated by b-hadron decays},
  url    = {https://en.m.wikipedia.org/wiki/File:B-tagging_diagram.png},
  year   = {2022}
}

@article{2018arXiv180601261B,
  author        = {{Battaglia}, Peter W. and {Hamrick}, Jessica B. and {Bapst}, Victor and {Sanchez-Gonzalez}, Alvaro and {Zambaldi}, Vinicius and {Malinowski}, Mateusz and {Tacchetti}, Andrea and {Raposo}, David and {Santoro}, Adam and {Faulkner}, Ryan and {Gulcehre}, Caglar and {Song}, Francis and {Ballard}, Andrew and {Gilmer}, Justin and {Dahl}, George and {Vaswani}, Ashish and {Allen}, Kelsey and {Nash}, Charles and {Langston}, Victoria and {Dyer}, Chris and {Heess}, Nicolas and {Wierstra}, Daan and {Kohli}, Pushmeet and {Botvinick}, Matt and {Vinyals}, Oriol and {Li}, Yujia and {Pascanu}, Razvan},
  title         = {{Relational inductive biases, deep learning, and graph networks}},
  journal       = {arXiv e-prints},
  keywords      = {Computer Science - Machine Learning, Computer Science - Artificial Intelligence, Statistics - Machine Learning},
  year          = 2018,
  month         = jun,
  eid           = {arXiv:1806.01261},
  pages         = {arXiv:1806.01261},
  archiveprefix = {arXiv},
  eprint        = {1806.01261},
  primaryclass  = {cs.LG},
  adsurl        = {https://ui.adsabs.harvard.edu/abs/2018arXiv180601261B},
  adsnote       = {Provided by the SAO/NASA Astrophysics Data System}
}


@article{ATLAS:2022qxm,
  collaboration = {ATLAS},
  title         = {{ATLAS flavour-tagging algorithms for the LHC Run 2 $pp$ collision dataset}},
  eprint        = {2211.16345},
  archiveprefix = {arXiv},
  primaryclass  = {physics.data-an},
  reportnumber  = {CERN-EP-2022-226},
  month         = {11},
  year          = {2022}
}

@phdthesis{AdorniBraccesiChiassi:2021irw,
  author = {Adorni Braccesi Chiassi, Sofia},
  title  = {{Vector Boson Tagging in the Context of the Search for New Physics in the Fully Hadronic Final State}},
  url    = {10.13097/archive-ouverte/unige:158558},
  school = {Geneva U.},
  year   = {2021}
}

@booklet{Dao:2688371,
  author       = {{ATLAS Collaboration}},
  title        = {{Search for the Standard Model Higgs boson produced in
                  association with a vector boson and decaying to a pair of
                  b-quarks using large-R jets}},
  institution  = {CERN},
  howpublished = {ATL-COM-PHYS-2019-1125},
  year         = {2019},
  url          = {https://cds.cern.ch/record/2688371}
}

@article{2017arXiv170603762V,
  author        = {{Vaswani}, Ashish and {Shazeer}, Noam and {Parmar}, Niki and {Uszkoreit}, Jakob and {Jones}, Llion and {Gomez}, Aidan N. and {Kaiser}, Lukasz and {Polosukhin}, Illia},
  title         = {{Attention Is All You Need}},
  journal       = {arXiv e-prints},
  keywords      = {Computer Science - Computation and Language, Computer Science - Machine Learning},
  year          = 2017,
  archiveprefix = {arXiv},
  eprint        = {1706.03762},
  primaryclass  = {cs.CL},
  adsurl        = {https://ui.adsabs.harvard.edu/abs/2017arXiv170603762V},
  adsnote       = {Provided by the SAO/NASA Astrophysics Data System}
}

@misc{gn1-trigger,
  author  = {{ATLAS Collaboration}},
  title   = {{Performance of Run 3 HLT b-tagging with fast tracking, Public b-Jet Trigger Plots for Collision Data}},
  url     = {https://twiki.cern.ch/twiki/bin/view/AtlasPublic/BJetTriggerPublicResults#Performance_of_Run_3_HLT_b_taggi},
  year    = {2022},
  urldate = {2022-12-01}
}

@article{Cacciari:2008gn,
  author        = {Cacciari, Matteo and Salam, Gavin P. and Soyez, Gregory},
  title         = {{The Catchment Area of Jets}},
  eprint        = {0802.1188},
  archiveprefix = {arXiv},
  primaryclass  = {hep-ph},
  reportnumber  = {LPTHE-07-02},
  doi           = {10.1088/1126-6708/2008/04/005},
  journal       = {JHEP},
  volume        = {04},
  pages         = {005},
  year          = {2008}
}

@article{2018arXiv180308375A,
  author        = {{Agarap}, Abien Fred},
  title         = {{Deep Learning using Rectified Linear Units (ReLU)}},
  journal       = {arXiv e-prints},
  keywords      = {Computer Science - Neural and Evolutionary Computing, Computer Science - Computer Vision and Pattern Recognition, Computer Science - Machine Learning, Statistics - Machine Learning},
  year          = 2018,
  month         = mar,
  eid           = {arXiv:1803.08375},
  pages         = {arXiv:1803.08375},
  doi           = {10.48550/arXiv.1803.08375},
  archiveprefix = {arXiv},
  eprint        = {1803.08375},
  primaryclass  = {cs.NE},
  adsurl        = {https://ui.adsabs.harvard.edu/abs/2018arXiv180308375A},
  adsnote       = {Provided by the SAO/NASA Astrophysics Data System}
}

@article{2017arXiv170203118E,
  author        = {{Elfwing}, Stefan and {Uchibe}, Eiji and {Doya}, Kenji},
  title         = {{Sigmoid-Weighted Linear Units for Neural Network Function Approximation in Reinforcement Learning}},
  journal       = {arXiv e-prints},
  keywords      = {Computer Science - Machine Learning},
  year          = 2017,
  month         = feb,
  eid           = {arXiv:1702.03118},
  pages         = {arXiv:1702.03118},
  doi           = {10.48550/arXiv.1702.03118},
  archiveprefix = {arXiv},
  eprint        = {1702.03118},
  primaryclass  = {cs.LG},
  adsurl        = {https://ui.adsabs.harvard.edu/abs/2017arXiv170203118E},
  adsnote       = {Provided by the SAO/NASA Astrophysics Data System}
}

@misc{gn2publicplots,
  author = {{ATLAS Collaboration}},
  title  = {Jet Flavour Tagging With {GN1} and {DL1d}. Generator dependence, Run 2 and Run 3 data agreement studies},
  url    = {https://atlas.web.cern.ch/Atlas/GROUPS/PHYSICS/PLOTS/FTAG-2023-01/},
  year   = {2023}
}


@article{Barlow:249779,
  author       = {Barlow, R and Beeston, C},
  title        = {{Fitting using finite Monte Carlo samples}},
  reportnumber = {MAN-HEP-93-1},
  journal      = {Comput. Phys. Commun.},
  volume       = {77},
  number       = {2},
  pages        = {219-228},
  year         = {1993},
  url          = {https://cds.cern.ch/record/249779}
}